2237 3481
435 238 552 295 260
943 253 1233 295 SPECULUM
1277 253 1328 293 Β.
1373 253 1436 294 Μ.
1479 253 1534 295 v.
1614 304 1618 313 .

433 444 592 502 iuxta
645 443 793 518 quod
849 443 1125 516 scriptum
1181 441 1270 501 est
1292 440 1415 518 (1):
1467 440 1868 513 Confiteantur
1933 443 2043 501 tibi

423 541 659 615 populi,
701 542 883 615 Deae,
906 540 1319 612 ,confiteantur
1381 540 1489 598 tibi
1539 541 1757 614 populi
1816 558 2038 614 omnes,

439 643 599 698 terra
639 639 796 700 dedit
833 638 1094 710 fructum
1134 656 1327 698 suum.
1371 639 1599 697 Primus
1640 656 1774 712 ergo
1801 638 2041 697 effectus

431 739 520 797 esi.
560 740 815 810 expiatio
857 738 1061 811 culpae
1100 738 1392 811 mortali8‚
1438 738 1714 797 secundus
1755 737 2043 811 pacifica-

432 838 511 896 tio
555 837 902 895 inimicitiae
944 836 1240 909 capitalis,
1293 837 1502 895 tertius
1542 837 1779 894 sanatio
1809 835 2042 908 playae

431 936 767 1010 originalis,
830 934 1071 1008 quartus
1126 935 1400 993 relevatio
1464 934 1690 993 inediae
1739 934 2039 1007 mentalis,

428 1034 664 1107 quintus
703 1034 939 1092 evitatio
980 1035 1108 1092 irae
1149 1032 1472 1107 iudicialis,
1505 1033 1700 1091 sextus
1739 1032 2038 1105 elonyatio

419 1148 648 1205 poenae
683 1131 1045 1206 yehennalis‚
1077 1132 1354 1205 septimus
1381 1131 1741 1190 renuntiatio
1769 1129 2038 1188 substan·

433 1232 548 1288 tiae
589 1229 945 1304 temporalis,
988 1230 1222 1290 octavus
1267 1229 1639 1303 locupletatio
1682 1230 1917 1286 animae
1944 1246 2037 1286 ra-

435 1329 694 1402 tionalis,
757 1345 941 1387 nonus
1003 1329 1426 1387 consummatio
1486 1328 1637 1386 vitae
1677 1327 2035 1400 spiritualis,

431 1428 677 1485 decimus
717 1426 1133 1499 multiplicatio
1175 1425 1473 1508 Ecclesiae
1519 1425 1887 1497 universalis,
1933 1441 2035 1482 un-

427 1526 673 1584 decimus
713 1525 1136 1599 redinteyratio
1177 1525 1387 1582 ruinae
1427 1522 1797 1597 empyrealiS,
1827 1523 2035 1582 duode-

426 1626 604 1683 cimus
637 1625 1006 1696 perpetuatio
1044 1623 1273 1698 yloriae
1291 1657 1297 1662 -
1315 1622 1651 1681 aeternalis.

591 1722 781 1782 Primo
824 1722 1020 1797 igitur,
1063 1722 1359 1790 carissimi,
1404 1720 1624 1780 fructus
1685 1720 1901 1779 Mariae
1947 1721 2035 1779 be-

427 1822 682 1881 nedictus
722 1824 1073 1881 necessarius
1138 1821 1226 1879 est
1285 1821 1356 1879 ad
1397 1820 1785 1893 expiationem
1825 1820 2034 1893 culpae

425 1920 696 1979 mortalis
711 1941 731 1991 ,·
757 1921 823 1978 de
851 1920 956 1980 hoc
983 1920 1183 1993 exponi
1213 1918 1403 1991 potest
1429 1918 1577 1992 quod
1606 1918 1813 1976 dicitur
1840 1918 2030 1976 Isaiae

426 2020 695 2092 vigesimo
738 2019 979 2091 septimo
1003 2019 1125 2094 (2):
1156 2018 1279 2077 Iste
1306 2018 1497 2076 omnis
1535 2015 1786 2089 fructae,
1816 2020 1888 2074 ut
1924 2034 2031 2075 au-

423 2116 655 2187 feratur
702 2120 1006 2188 peocatum
1058 2117 1201 2175 eiuS.
1255 2115 1458 2176 Omnis
1499 2113 1729 2185 fructus
1783 2116 2034 2189 intelligi

427 2215 617 2288 potest
658 2216 773 2285 ille,
802 2215 868 2273 de
912 2233 1021 2288 quo
1066 2215 1265 2273 beatus
1306 2214 1631 2272 Bernardus
1661 2213 1751 2288 (3)
1794 2213 2034 2286 loquens

424 2316 538 2372 ait:
593 2336 622 2365 α
650 2314 720 2371 In
764 2330 924 2371 cruce
968 2314 1177 2386 pendet
1218 2314 1398 2372 omnis
1439 2311 1660 2371 fructus
1698 2312 1868 2382 vitae,
1898 2314 2034 2386 quia

423 2414 549 2485 ipsa
591 2411 679 2470 est
720 2411 888 2471 arbor
936 2412 1087 2470 vitae
1130 2413 1189 2469 in
1231 2412 1409 2470 medio
1451 2410 1787 2485 paradisi».
1832 2410 2033 2469 Omnis

422 2528 557 2585 ergo
586 2510 805 2569 fructus
847 2510 937 2568 est
979 2509 1137 2570 totns
1179 2509 1434 2581 fructu83
1477 2509 1635 2568 totus
1676 2509 1768 2567 hic
1806 2508 2032 2568 fructus

551 2760 596 2818 1)
634 2760 807 2805 Psalm.
843 2759 921 2817 66,
958 2759 1005 2805 6.
1041 2771 1141 2815 seq.
1715 2758 1766 2816 2)
1803 2758 1943 2805 Vers.
1981 2760 2028 2805 9.

546 2840 594 2898 3)
630 2839 794 2886 Potius
811 2840 966 2897 Drogo
982 2840 1133 2898 card„
1154 2839 1301 2886 Serm.
1322 2840 1379 2886 de
1395 2853 1595 2886 sacram.
1620 2837 1792 2886 domin.
1813 2838 2029 2898 passion.

500 2917 535 2984 ⁸⁷
581 2932 624 2979 e,
660 2920 712 2965 P.
748 2920 804 2966 L.
838 2921 878 2966 t.
918 2920 1022 2967 166.
1057 2921 1147 2966 eol.
1188 2920 1369 2978 1525.).
