2237 3481
866 281 1066 327 mc'rro
1108 281 1171 326 11.
1755 260 1831 324 23

224 479 630 553 apostolorum,
694 478 980 537 oraculum
1052 476 1479 550 prophetarum,
1543 475 1663 534 filia
1731 492 1834 549 pa·

223 577 622 658 triarcharum‚
686 577 882 650 regina
943 577 1294 649 angelorum.
1350 574 1494 644 Quid
1554 575 1702 632 enim
1764 573 1832 632 de

224 676 440 734 divitiis
482 676 729 734 omnium
772 674 971 733 horum
1017 674 1124 732 sibi
1163 673 1383 732 defuit?
1423 672 1592 730 Audi.
1632 672 1833 731 Hiero-

227 791 434 849 nymus
464 772 553 849 (1)
584 775 729 832 enim
760 773 873 830 ait:
927 795 957 824 α
984 773 1226 830 Mariam
1256 773 1305 830 si
1331 771 1659 845 diligentius
1687 771 1834 842 aspi-

225 875 357 942 cias,
400 873 545 931 nihil
587 870 822 929 virtutis
879 870 986 940 est,
1038 870 1182 929 nihil
1238 871 1633 943 speciositatis,
1687 868 1831 927 nihil

224 972 484 1031 candoris
526 971 584 1028 et
616 970 849 1044 gloriae,
879 969 1026 1042 quod
1057 987 1123 1027 ex
1151 987 1216 1028 ea
1244 986 1357 1028 non
1387 967 1745 1042 resplendeat
1772 990 1831 1024 >›.

224 1071 366 1140 Quia
408 1087 543 1144 ergo
583 1070 767 1128 Maria
814 1068 932 1127 tam
974 1069 1301 1142 longissime
1330 1066 1440 1126 fuit
1480 1085 1515 1125 a
1545 1066 1831 1140 praedicto

224 1186 327 1228 vae
365 1168 677 1242 gehennae,
719 1169 840 1228 ideo
879 1169 927 1227 ei
976 1167 1182 1226 merito
1224 1166 1435 1225 dictum
1478 1165 1597 1224 est:
1641 1163 1783 1223 Ave.

382 1267 550 1336 Item,
594 1284 697 1325 vae
736 1267 1025 1341 gehennae
1066 1282 1181 1324 non
1224 1266 1406 1324 solum
1450 1265 1509 1322 in
1551 1264 1833 1338 magnitu-

220 1367 370 1434 dine,
414 1367 740 1425 nonsolum
784 1368 843 1424 in
871 1365 1255 1434 multitudine,
1286 1364 1382 1423 sed
1424 1364 1592 1422 etiam
1623 1365 1682 1421 in
1712 1362 1834 1420 lon·
1893 1396 1894 1405 κ

215 1465 489 1539 yitudine
550 1466 668 1523 sive
719 1464 1100 1539 perpetuitate
1154 1479 1483 1536 poenarum
1537 1461 1830 1532 consistit3

218 1563 371 1622 unde
412 1565 471 1621 in
502 1564 780 1623 canonica
807 1564 982 1623 Indae
1010 1563 1218 1621 dicitur
1242 1563 1363 1638 (2):
1410 1562 1526 1620 Vae
1565 1561 1692 1619 illis
1730 1559 1833 1631 qui

218 1663 289 1720 in
331 1663 431 1720 via
487 1659 639 1721 Cain
694 1663 964 1720 abierunt
1015 1664 1072 1719 ct
1116 1677 1310 1719 errore
1363 1660 1627 1719 Balaam
1687 1675 1832 1716 mer-

220 1762 354 1820 cede
393 1761 564 1832 effusi
602 1765 742 1820 sunt
783 1764 838 1820 et
876 1763 942 1819 in
981 1760 1443 1819 contradictione
1477 1757 1622 1818 Core
1639 1758 1833 1831 perie-

216 1863 382 1918 runt.
426 1859 504 1917 Et
545 1860 677 1932 post
732 1877 912 1933 pauca
968 1860 1255 1932 sequitur:
1307 1858 1531 1933 Quibus
1564 1855 1832 1929 procella

219 1958 597 2018 tenebrarum
636 1962 870 2018 servata
911 1961 997 2017 est
1035 1959 1102 2016 in
1131 1961 1446 2016 aeternum.
1483 1957 1655 2026 Nota,
1684 1954 1831 2029 quod

217 2058 360 2116 dic-it
400 2057 468 2115 in
510 2059 825 2130 aeternum,
868 2058 926 2115 et
971 2073 1163 2129 pensa,
1205 2056 1421 2128 quanta
1462 2055 1540 2113 sit
1578 2056 1681 2113 illa
1709 2070 1832 2127 poe-

219 2173 431 2214 narum
472 2156 785 2230 longitudo,
828 2173 971 2229 quae
1013 2155 1182 2214 finem
1224 2171 1335 2214 non
1379 2153 1585 2227 accipit
1645 2154 1702 2211 in
1745 2169 1832 2211 ae·

217 2257 470 2314 ternum.
512 2253 558 2313 Ο
600 2272 767 2328 quam
827 2255 1155 2328 longissime
1210 2254 1282 2312 ab
1311 2253 1446 2312 isto
1499 2253 1830 2327 longissimo

213 2353 512 2428 gehennae
555 2370 658 2412 vae
700 2354 809 2412 fuit
848 2353 1144 2427 longitudo
1200 2353 1413 2427 gloriae
1455 2351 1686 2420 Mariae,
1741 2352 1831 2408 cui

214 2452 426 2511 contra
466 2451 730 2510 aeternas
761 2451 1024 2510 tenebras
1066 2452 1123 2509 in
1164 2450 1383 2509 inferno
1412 2451 1524 2508 iam
1555 2450 1830 2532 Dominus

219 2551 676 2624 praeparaverat
715 2550 1005 2609 aeternam
1046 2543 1226 2608 lucem
1268 2551 1328 2606 in
1363 2550 1534 2619 caelu,
1577 2549 1644 2606 ut
1685 2548 1831 2606 sicut

213 2650 415 2707 anima
458 2649 757 2721 peccatrix,
821 2648 979 2707 sedes
1020 2648 1247 2718 diaboli,
1290 2647 1379 2706 est
1433 2646 1832 2706 miserabiliter

213 2746 524 2807 tenebrosa
564 2747 623 2804 in
664 2747 978 2816 aeternum,
1007 2747 1089 2804 ita
1116 2746 1300 2804 Maria
1329 2744 1642 2814 mediatrix,
1673 2745 1831 2803 sedes

352 2961 398 3022 l)
435 2961 591 3023 Epist.
626 2959 711 3009 cit.
747 2975 797 3009 11.
837 2961 910 3009 15.
1235 3012 1240 3017 ,
1298 2959 1348 3021 2)
1385 2959 1518 3007 VerS.
1557 2958 1632 3007 11.
1667 2959 1717 3007 et
1751 2958 1827 3007 13.
