2237 3481
861 275 1062 319 naono
1105 277 1185 320 vl.
1752 265 1827 322 79

213 466 314 538 qui
343 466 619 554 proximis
648 466 768 524 suis
797 467 887 524 vel
915 467 1215 526 caritative
1243 485 1354 527 non
1386 470 1697 542 loquuntur
1738 472 1827 530 vel

215 565 447 622 omnino
489 564 570 621 eis
611 564 764 637 loqui
814 565 1213 637 dedignantur.
1259 566 1508 626 Verbum
1563 569 1827 627 veritatis

212 662 400 719 Maria
442 662 501 718 in
548 661 717 720 labiis
773 660 992 730 habuit,
1035 664 1280 736 quaudo,
1321 664 1611 735 deficiente
1641 666 1826 741 mino,

211 760 510 818 ministris
558 760 743 819 dixit.-
794 760 1207 836 Quodcumque
1262 762 1476 820 dixerit
1528 764 1689 822 vobis
1742 763 1828 835 fa-

210 860 323 916 cite
354 857 464 933 (1).
511 859 634 917 Hoc
675 858 765 917 est
805 860 1005 917 eontra
1055 860 1185 918 illos
1234 862 1329 934 qui
1377 861 1520 920 alios
1580 878 1693 921 non
1754 863 1826 921 ad

210 959 444 1027 bonum,
489 959 586 1016 sed
627 958 699 1016 ad
750 959 960 1016 malum
1013 959 1312 1038 instruunt
1366 961 1424 1018 et
1478 962 1689 1019 malum
1746 963 1828 1020 eis

210 1057 542 1117 consulunt.

374 1157 545 1226 Item,
590 1156 662 1214 ad
705 1156 886 1214 Deum
950 1158 1066 1215 tria
1127 1156 1300 1215 verba
1362 1157 1563 1216 habuit
1624 1160 1828 1218 Maria.

209 1256 355 1314 Plus
395 1272 531 1329 ergo
572 1273 699 1314 cum
744 1255 879 1325 Deo,
922 1273 1091 1329 quam
1147 1273 1269 1315 cum
1326 1258 1529 1330 angelo
1572 1258 1661 1315 vel
1699 1275 1825 1315 cum

206 1354 439 1413 homine
479 1352 663 1411 Maria
704 1354 896 1411 locuta
923 1355 1029 1423 est,
1072 1372 1139 1412 ex
1183 1371 1291 1427 quo
1341 1354 1427 1414 bis
1488 1356 1710 1428 ange10,
1740 1355 1826 1413 bis

206 1453 446 1520 homini,
491 1450 580 1510 ter
620 1451 811 1510 autem
855 1452 971 1511 Deo
1012 1452 1204 1511 locuta
1240 1451 1343 1510 est.
1376 1452 1496 1511 Hoc
1545 1453 1650 1522 est,
1680 1452 1788 1511 heu
1809 1455 1830 1509 1·

206 1549 414 1609 contra
456 1551 687 1617 multoS‚
732 1550 828 1623 qui
869 1551 989 1607 tam
1034 1567 1237 1622 parum
1278 1568 1403 1609 cum
1448 1551 1563 1609 Deo
1605 1552 1661 1608 in
1706 1567 1826 1608 ora·

205 1648 464 1707 tionibus
499 1649 558 1706 et
584 1649 703 1706 tam
736 1649 980 1706 multum
1009 1666 1135 1706 eum
1164 1648 1485 1707 hominibus
1512 1648 1825 1721 loquuntur

204 1750 267 1807 in
309 1748 869 1808 confabulationibus
911 1748 1213 1806 inutilibus
1242 1747 1299 1806 et
1326 1764 1491 1820 saepe
1528 1749 1690 1806 valde
1731 1765 1824 1807 no-

202 1848 371 1906 civis.
414 1846 638 1905 Habuit
677 1812 866 1905 autem
897 1847 1081 1904 Maria
1108 1847 1181 1904 ad
1211 1846 1389 1904 Deum
1420 1846 1651 1904 verbum
1679 1864 1824 1920 yra-

206 1947 546 2014 tulaiivum,
592 1945 823 2003 verbum
889 1945 1342 2018 querulativum‚
1381 1943 1615 2003 verbum
1678 1962 1823 2003 eom·

190 2045 529 2118 passivum.
593 2043 1041 2111 Gratulativum,
1107 2060 1210 2116 pro
1280 2045 1366 2100 sui
1437 2043 1819 2116 respection03

201 2141 654 2217 querulativum,
699 2157 802 2214 pro
846 2142 973 2199 Filii
1016 2142 1344 2210 amissione:
1388 2142 1821 2213 compassivum,

202 2257 311 2314 pro
357 2241 601 2313 proximi
642 2240 1007 2298 desolatione.
1037 2237 1285 2297 Verbum
1314 2237 1720 2311 gratulationis
1748 2239 1820 2296 ad

199 2341 390 2398 Deum
454 2339 639 2396 Maria
681 2339 738 2395 in
793 2337 962 2395 labiis
1024 2336 1244 2405 habuit,
1289 2337 1512 2409 quando
1574 2353 1676 2409 pro
1738 2353 1819 2405 e0,

200 2437 359 2511 quod
401 2436 705 2494 Dominus
755 2435 1149 2493 humilitatem
1201 2451 1369 2492 suam
1426 2436 1681 2506 respexit
1708 2435 1819 2508 (2),

198 2536 382 2596 dixit:
438 2534 800 2609 Maynifiicai
861 2534 1065 2592 anima
1128 2549 1258 2590 mea
1312 2526 1657 2591 Dominum.
1700 2533 1821 2593 Hoc

198 2636 293 2695 est
337 2633 541 2694 contra
584 2632 863 2707 ingratoS,
907 2634 1021 2706 qui,
1063 2632 1204 2690 heu!
1250 2647 1352 2703 pro
1395 2630 1592 2689 multis
1621 2632 1680 2690 et
1710 2649 1821 2690 ma-

195 2736 339 2810 gnis
381 2732 668 2791 beneficiis
704 2748 914 2804 parvas
950 2731 1066 2790 Deo
1101 2729 1323 2804 gratias
1351 2730 1535 2802 agunt
1562 2730 1620 2788 et
1647 2747 1819 2804 quan·

337 2947 383 3010 1)
420 2946 553 2995 Ioan.
588 2945 637 3005 2,
674 2946 719 2993 3.
757 2946 807 2992 et
838 2945 886 2991 5.
1224 2943 1274 3003 2)
1309 2943 1420 2990 Luc.
1461 2942 1504 3001 1,
1538 2942 1616 2990 48.
1653 2945 1704 2991 et
1734 2942 1813 2992 46.
