2237 3481
409 258 487 318 80
917 273 1208 317 spncumm
1248 273 1298 315 B.
1345 273 1411 315 M.
1451 274 1506 316 v.

409 468 586 540 doque
630 483 730 539 per
768 468 894 538 ipsa
938 464 1041 523 Dei
1082 464 1351 522 beneficia
1391 463 1590 523 contra
1632 462 1813 522 Deum
1861 465 2014 523 inso-

406 564 648 623 lescunt.
703 564 950 623 Verbum
1009 563 1419 637 querulationis
1473 562 1546 620 ad
1594 561 1774 621 Deum
1829 563 2016 621 Maria

407 666 466 721 in
506 663 674 721 labiis
717 661 935 731 habuit,
965 662 1190 735 quando
1220 662 1363 720 Filio
1394 678 1493 733 per
1522 660 1775 719 triduum
1800 662 2014 720 amisso

412 763 554 820 dixit
577 761 665 838 (1)
688 783 701 818 ε
733 761 883 834 Fili,
914 760 1062 832 quid
1085 759 1276 830 fecisti
1301 760 1469 818 nobis
1496 756 1632 819 sie?
1659 760 1849 818 Pater
1877 762 2015 819 tuus

408 863 465 918 et
503 877 605 934 eqo
648 859 903 918 dolentes
945 858 1367 931 quaerebamus
1410 861 1478 916 te.
1520 858 1644 917 Hoo
1684 858 1774 916 est
1812 859 2015 917 contra

409 959 720 1026 indevotoS‚
762 959 857 1031 qui
898 975 1024 1016 oum
1066 958 1257 1016 dolore
1298 958 1489 1015 Iesum
1538 972 1652 1015 non
1709 958 2014 1030 quaerunt,

409 1057 633 1130 quando
675 1058 858 1128 ipsum
904 1073 1004 1128 per
1045 1056 1485 1114 subtractionem
1542 1055 1857 1115 devotionis
1913 1072 2017 1128 per

411 1156 622 1215 multos
643 1155 781 1213 -dies
822 1154 1156 1213 amiserunt.
1185 1154 1435 1213 Verbum
1463 1156 1869 1228 compassionis
1898 1156 2018 1213 Ma-

408 1256 495 1313 ria
532 1254 605 1312 ad
650 1253 826 1312 Deum
869 1252 1088 1322 habuit,
1133 1253 1356 1326 quando
1396 1254 1455 1310 in
1496 1252 1714 1326 nuptiis
1757 1253 1903 1312 Filio
1930 1254 2019 1311 di-

408 1353 493 1410 xit
517 1352 637 1426 (2):
696 1353 912 1411 Vinum
952 1369 1071 1409 non
1113 1351 1337 1410 habent.
1383 1351 1505 1410 Hoc
1544 1350 1634 1409 est
1674 1352 1874 1411 contra
1915 1353 2017 1410 im-

410 1451 813 1518 misericordeS‚
857 1466 996 1523 quos
1044 1451 1283 1509 aliorum
1334 1449 1583 1509 defectus
1625 1450 1697 1508 ad
1740 1451 2013 1523 pietatem

409 1566 522 1609 non
566 1549 811 1618 movent,
855 1565 957 1607 neo
997 1549 1151 1621 apud
1191 1549 1368 1606 Deum
1413 1565 1514 1607 neo
1554 1549 1707 1621 apud
1756 1549 2017 1609 homines

409 1650 691 1721 proximos
753 1664 885 1706 suos
948 1647 1299 1720 promovent.
1354 1647 1459 1704 Eia
1514 1664 1682 1718 nuno,
1737 1648 2018 1707 advocata

408 1748 606 1807 nostra
667 1748 887 1805 Maria!
944 1746 1102 1816 Ecce,
1158 1746 1341 1805 adhuc
1395 1764 1618 1806 necesse
1680 1747 1769 1805 est
1829 1749 2017 1818 nobie,

409 1847 477 1905 ut
518 1847 661 1905 Filio
704 1846 802 1905 tuo
845 1862 1121 1920 suggeras
1163 1861 1265 1918 pro
1307 1845 1487 1918 nobiS‚
1518 1847 1780 1918 quoniam
1807 1847 2019 1904 vinum

407 1962 526 2003 non
568 1944 784 2002 habent
823 1943 989 2002 multi
1031 1961 1097 2001 ex
1138 1943 1318 2012 nobiS,
1346 1945 1539 2001 vinum
1569 1945 1763 2018 utique
1789 1945 2021 2018 gratiae

407 2044 655 2116 Spiritus
684 2043 884 2112 sancti,
914 2043 1104 2100 vinum
1137 2043 1601 2115 compunctioniS,
1630 2044 1823 2101 vinum
1852 2044 2021 2104 devo-

408 2128 597 2211 tionis,
648 2143 840 2199 vinum
898 2141 1216 2213 spiritualis
1277 2141 1716 2210 consolationi83
1780 2141 1848 2200 de
1904 2159 2021 2215 quo

407 2240 608 2299 beatus
648 2240 974 2298 Bernartius
1004 2239 1093 2314 (3)
1137 2241 1215 2298 sio
1256 2239 1370 2296 ait:
1425 2263 1454 2291 «
1477 2239 1708 2309 Quoties
1743 2239 1880 2298 mihi
1923 2258 2022 2300 ne-

407 2357 559 2398 cesse
615 2340 721 2407 est,
764 2338 992 2407 fratreS‚
1048 2338 1181 2411 post
1233 2340 1579 2413 lacrymosas
1634 2341 2022 2412 querimonias

407 2438 630 2501 vestras
673 2454 902 2496 exorare
944 2436 1184 2494 matrem
1229 2437 1654 2506 misericordiae,
1698 2438 1764 2495 ut
1806 2455 2025 2512 sugge-

408 2537 502 2596 rat
540 2536 943 2610 benignissimo
992 2535 1136 2595 Filio
1186 2552 1305 2602 suo,
1350 2537 1613 2608 quoniam
1657 2537 1852 2595 vinum
1900 2554 2025 2597 non

407 2636 672 2695 habetis?
709 2635 787 2693 Et
828 2636 971 2708 ipsa,
1016 2635 1137 2693 dico
1188 2634 1364 2703 vobis»,
1408 2636 1704 2704 carissimi,
1747 2637 1796 2694 si
1847 2637 1939 2709 pie
1985 2655 2025 2696 a

539 2870 584 2929 l)
620 2869 731 2915 Luc.
768 2868 816 2926 2,
851 2866 931 2914 48.
1622 2867 1672 2926 2)
1708 2867 1839 2915 Ioan.
1876 2868 1927 2930 2,
1969 2870 2020 2918 3.

535 2950 583 3010 3)
620 2948 768 2997 Serm.
803 2949 850 2996 2.
884 2947 937 2996 in
968 2949 1100 2996 Dom.
1141 2947 1185 2996 1.
1218 2949 1329 3008 post
1359 2947 1464 2996 Oct.
1500 2947 1671 3008 Epiph.
1706 2962 1756 2996 n.
1794 2947 1844 2996 4.
