2237 3481
403 236 516 296 188
906 253 1195 297 spncnnum
1237 252 1286 295 B.
1333 253 1395 295 Μ.
1439 254 1493 296 v.

398 449 519 506 tum
562 447 649 506 est
696 448 841 521 quod
904 465 1004 520 per
1068 447 1385 506 Gabrielem
1445 447 1658 505 Mariae
1719 445 1996 505 divinitus

396 546 698 605 nuntiatur
725 547 784 605 et
812 564 912 620 per
941 545 1231 605 Christum
1259 546 1603 617 adimpletur
1628 569 1687 601 ».
1715 577 1797 586 —-
1823 545 1993 614 Item,

397 662 767 718 supergressa
809 645 898 702 est
944 646 1128 703 Maria
1168 646 1227 702 in
1265 645 1471 719 qratia
1526 645 1824 703 universas
1878 645 1995 701 ani·

397 761 519 802 mas
572 744 914 814 sanctorum,
957 745 1090 802 dum
1152 760 1263 803 non
1326 743 1508 802 solum
1556 743 1746 815 gratia
1804 742 1993 814 plena,

396 843 493 900 sed
553 843 722 901 etiam
775 844 1127 916 superplena
1189 841 1316 911 fuit,
1365 842 1510 900 teste
1571 841 1847 910 Gabriele,
1897 843 1993 914 qui

396 943 555 1015 prius
610 941 752 1000 dixit
774 941 898 1016 (1):
941 939 1083 1014 Ave,
1146 941 1354 1015 qratia
1406 940 1623 1012 plenem
1677 939 1736 998 et
1797 940 1996 1012 postea

395 1040 714 1098 subiunxit:
750 1038 1010 1111 Spiritus
1049 1042 1289 1098 sanctus
1328 1039 1690 1110 superveniet
1728 1038 1792 1096 in
1836 1041 1902 1095 te.
1936 1039 1995 1096 Si

394 1139 506 1196 iam
549 1138 738 1211 gratia
783 1139 951 1210 plena
991 1136 1118 1210 fuit,
1163 1153 1297 1210 ergo
1338 1136 1607 1210 quidquid
1648 1137 1753 1194 sibi
1795 1153 1996 1208 super-

396 1238 626 1295 veniens
668 1235 864 1308 postea
905 1235 1151 1308 Spiritus
1194 1235 1426 1293 sanctus
1467 1234 1726 1303 contulit,
1767 1235 1828 1292 in
1889 1234 1995 1293 hoc

395 1336 589 1408 utique
631 1335 763 1408 plus
802 1352 969 1408 quam
1014 1335 1184 1407 plena
1225 1332 1370 1404 fuit;
1412 1333 1559 1391 unde
1607 1332 1807 1391 beatus
1863 1333 1998 1390 Ber-

394 1435 609 1492 nardus
632 1434 720 1509 (2)
764 1433 877 1491 ait:
951 1457 980 1485 «
1008 1432 1281 1492 Veniente
1343 1433 1455 1490 iam
1516 1432 1733 1505 Spiritu
1796 1432 1996 1491 sancto

394 1533 563 1605 plena
625 1533 749 1602 sibi,
809 1532 996 1592 eodem
1059 1548 1277 1606 quoque
1340 1530 1768 1604 superveniente
1831 1530 1997 1589 nobis

394 1633 736 1704 superplena
777 1632 834 1690 et
874 1632 1281 1704 supereffluens
1310 1630 1379 1688 fit
1404 1630 1587 1688 Maria
1614 1653 1672 1686 ».
1713 1662 1794 1671 -
1822 1628 1994 1698 Item,

393 1749 762 1805 supergressa
803 1731 892 1790 est
931 1731 1114 1790 Maria.
1156 1731 1214 1788 in
1250 1729 1453 1805 yloria
1490 1730 1790 1788 universas
1829 1727 1998 1786 intel-

393 1830 662 1903 ligentias
711 1831 1028 1904 angelica83
1058 1831 1185 1903 ipsa
1245 1830 1395 1887 enim
1435 1829 1523 1887 est
1587 1828 1837 1887 thronus
1897 1828 1998 1885 ille

390 1929 758 2002 sapphirae,
802 1931 916 2003 qui,
960 1928 1107 1987 sicut
1146 1928 1453 1986 Ezechielis
1495 1930 1675 2001 primo
1706 1927 1796 2001 (3)
1853 1927 2000 1999 legi-

392 2027 507 2096 tur,
548 2044 722 2100 super
759 2027 1191 2099 firmamentum
1226 2028 1542 2099 angelicum
1571 2025 1857 2084 exaltatus
1886 2025 1996 2083 est.

391 2125 634 2199 Propter
675 2127 821 2199 quod
855 2126 1024 2184 etiam
1055 2126 1193 2184 bene
1215 2126 1414 2184 beatus
1442 2124 1767 2183 Bernardus
1790 2124 1882 2199 (4)
1911 2124 1998 2182 ait

393 2226 501 2281 sic:
554 2247 583 2275 ‹<
611 2224 883 2283 Ascendit
923 2226 1090 2297 plane
1134 2224 1315 2281 Maria
1358 2240 1528 2296 super
1584 2239 1744 2282 omne
1797 2222 1998 2281 huma·

391 2339 527 2381 num
580 2340 779 2397 genuS‚
821 2323 1075 2381 ascendit
1121 2340 1298 2396 usque
1359 2323 1452 2388 ad,
1486 2323 1737 2394 angelos,
1783 2322 1882 2379 sed
1938 2321 1997 2379 et

391 2422 545 2494 ipsos
606 2439 823 2496 quoque
885 2421 1238 2500 transcendit
1298 2421 1356 2479 et
1409 2420 1706 2479 caelestem
1770 2436 1994 2479 omnem

392 2521 820 2594 supergreditur
862 2521 1182 2580 creaturam
1212 2544 1270 2577 ».

519 2691 564 2751 1)
601 2691 712 2737 Luc.
753 2690 797 2750 1,
830 2690 911 2737 28.
947 2691 997 2737 et
1029 2690 1106 2737 35.

515 2771 565 2830 2)
602 2770 747 2817 Serm.
783 2770 831 2817 2.
868 2769 917 2816 in
950 2770 1161 2817 Assumt.
1196 2770 1252 2817 Β.
1288 2769 1354 2816 M.
1390 2769 1448 2816 V.
1485 2783 1533 2816 n.
1569 2769 1616 2815 2.

516 2851 564 2910 3)
601 2852 735 2897 Vers.
771 2851 850 2897 26.

516 2931 565 2991 4)
601 2930 747 2977 Serm.
784 2929 834 2976 in
868 2930 1032 2978 Nativ.
1068 2931 1125 2978 B.
1161 2930 1225 2977 M.
1263 2931 1317 2977 V.
1353 2944 1402 2977 n.
1438 2930 1485 2977 9.
