2237 3481
873 262 1071 307 naono
1112 264 1189 306 x1.
1717 244 1829 307 151

225 458 526 533 pacificata
586 458 644 516 et
701 458 974 532 quietata,
1018 456 1322 515 secundum
1377 456 1527 529 quod
1566 456 1626 513 in
1668 454 1835 513 Psal-

226 575 316 617 mo
341 554 432 632 (1)
475 547 641 615 dicit:
686 557 915 615 Factus
969 559 1056 614 est
1113 556 1187 613 in.
1223 570 1375 628 pace
1416 554 1576 612 locus
1616 553 1742 612 eius
1782 556 1838 611 et

225 656 521 714 habitatio
582 656 706 714 eius
765 655 834 712 in
890 652 1053 727 Sion,
1096 653 1246 728 quod
1296 652 1713 726 interpretatur
1742 651 1832 727 (2)

225 755 316 813 vel
379 754 682 827 speculum
743 754 833 812 vel
893 752 1237 828 speculatio.
1297 751 1456 821 Ecce,
1501 753 1834 826 quicumque

224 854 410 911 Deum
437 854 496 911 in
525 852 713 910 mente
743 868 845 910 sua
869 850 1148 921 habitare,
1177 851 1510 924 quicumque
1539 850 1718 909 Deum
1742 849 1833 925 (3)

225 951 416 1011 mente
457 950 745 1010 desiderat
785 950 1084 1023 speculari,
1128 949 1370 1022 oportet,
1413 949 1480 1007 ut
1521 951 1570 1008 ei
1612 951 1669 1008 in
1700 966 1836 1023 pace

223 1051 438 1109 mentis
477 1049 662 1108 locum
705 1048 908 1119 faciat3
950 1065 1083 1106 nam
1114 1050 1234 1106 sine
1277 1064 1412 1121 pace
1441 1048 1649 1107 mentis
1674 1064 1837 1107 nemo

222 1148 386 1206 venit
452 1148 526 1206 ad
594 1147 1034 1221 speculationem
1098 1146 1625 1220 contemplationis;
1688 1147 1837 1206 unde

222 1245 543 1320 Apostolus
603 1247 677 1304 ad
737 1246 1026 1305 Hebraeos
1088 1245 1409 1304 duodecimo
1433 1244 1555 1319 (4):
1615 1245 1838 1303 Pacem

221 1345 548 1418 sequimini
588 1362 722 1403 cam
760 1344 1029 1403 omnibus
1083 1346 1142 1401 et
1198 1343 1672 1417 sanctimoniam,
1712 1344 1838 1402 sine

223 1460 347 1515 qua
409 1459 576 1501 nemo
629 1442 847 1501 videbit
898 1443 1111 1500 Deum.
1154 1440 1202 1499 Ο
1242 1442 1369 1515 quis
1419 1458 1686 1500 enarrare
1747 1442 1839 1499 vel

223 1542 401 1600 etiam
442 1542 691 1616 cogitare
735 1540 999 1611 sufficiat,
1028 1541 1086 1598 in
1131 1540 1395 1614 qualibus
1435 1540 1683 1613 quotidie
1711 1557 1839 1614 spe-

220 1640 605 1699 culationibus
647 1641 846 1698 sancta
904 1639 1008 1698 illa
1062 1639 1214 1708 Sion,
1259 1639 1458 1697 sancta
1518 1639 1621 1697 illa
1679 1655 1838 1697 mens

221 1738 444 1798 Mariae
471 1737 663 1809 fuerit,
693 1738 824 1797 dum
856 1739 1043 1798 omnia
1070 1738 1174 1797 illa
1202 1737 1473 1813 mysteria
1500 1755 1636 1812 prae
1665 1738 1837 1797 omni·

175 1865 181 1869 ·
222 1839 333 1897 bus
377 1838 718 1898 mortalibus
760 1838 868 1897 sibi
909 1838 1046 1898 nota
1088 1838 1510 1897 ferventissima
1539 1837 1723 1896 mente
1751 1855 1841 1896 re-

223 1937 453 1997 volvit?
496 1937 576 1995 De
616 1937 722 1997 hoc
762 1937 902 1996 bene
943 1937 1145 1996 beatus
1186 1937 1567 2011 Hieronymus
1590 1936 1680 2012 (5)
1723 1937 1835 1995 ait:

232 2059 263 2088 α
290 2037 349 2094 Si
395 2053 509 2109 qua
550 2036 687 2094 sunt
726 2037 786 2094 in
828 2036 986 2096 vobis
1029 2036 1263 2109 pietatis
1305 2038 1539 2106 viscera,
1581 2036 1836 2094 conside-

224 2136 370 2206 rate,
424 2152 534 2208 quo
589 2135 949 2194 cruciabatur
1010 2153 1220 2206 amore,
1285 2152 1504 2209 quoque
1567 2135 1839 2194 desiderio

222 2234 533 2292 aestuabat
571 2233 710 2292 haec
748 2234 943 2308 Virgo,
972 2234 1105 2291 dum
1149 2234 1466 2293 revolveret
1494 2235 1682 2293 animo
1710 2251 1839 2292 cun·

224 2333 339 2400 cta,
378 2349 522 2406 quae
549 2332 826 2401 audierat,
856 2349 999 2405 quae
1028 2333 1266 2402 viderat,
1296 2350 1438 2406 quae
1480 2331 1839 2407 cognoverat,

228 2429 574 2504 quantisque
644 2429 995 2500 movebatur,
1063 2430 1285 2503 repleta
1347 2431 1563 2503 Spiritu
1620 2429 1838 2500 sancte,

359 2698 405 2758 1)
442 2699 618 2745 Psalm.
657 2699 734 2757 75,
771 2698 817 2745 3.

354 2779 405 2838 2)
442 2778 660 2837 Hieron„
695 2778 752 2825 de
784 2778 920 2825 Nom.
956 2777 1102 2825 Hebr.
1141 2778 1222 2838 (11.
1257 2778 1418 2838 Reg.).

356 2860 406 2919 3)
441 2860 597 2906 Verba
628 2859 685 2904 in
716 2862 875 2905 mente
906 2860 998 2905 etc.
1033 2858 1201 2905 addita
1233 2860 1347 2905 sunt
1377 2871 1436 2905 ex
1467 2857 1722 2906 codicibus.

355 2939 406 2999 4)
441 2940 576 2987 Vere.
615 2938 690 2987 14.
1103 2940 1154 2999 5)
1190 2939 1345 2999 Epist.
1382 2952 1520 2999 saepe
1551 2938 1637 2988 cit.
1674 2954 1723 2987 n.
1763 2939 1838 2988 13.
