2237 3481
417 247 532 307 136
922 265 1213 308 spncumm
1253 266 1305 306 B.
1347 266 1410 307 M.
1451 266 1508 308 v.

414 456 687 514 Dominus
726 472 859 528 ergo
899 456 1101 525 tecum,
1147 472 1178 515 o
1220 456 1420 540 Maria,
1463 457 1611 515 sicut
1651 457 1834 515 Filius
1885 474 2002 516 cum

413 556 594 613 matre
635 555 985 627 dignissima.

573 653 761 712 Tertio
820 651 1116 719 attendite,
1179 654 1473 722 carissimi,
1525 654 1671 727 quod
1735 655 2006 713 Dominus

411 752 537 821 iste,
567 753 662 825 qni
693 751 809 808 tam
840 752 1209 824 singulariter
1244 752 1331 809 est
1372 769 1497 809 cum
1539 753 1739 821 Maria,
1770 754 1893 825 ipse
1926 755 2008 811 est

411 851 704 918 Dominae,
745 851 905 907 cuius
944 866 1161 922 sponsa
1200 851 1604 909 venustissima
1654 851 1743 908 est
1795 852 2006 922 Maria;

412 949 558 1006 unde
601 948 719 1005 tam
762 948 828 1005 de
869 948 979 1005 isto
1022 948 1277 1016 Domino,
1319 966 1486 1021 quam
1529 949 1595 1007 de
1637 949 1751 1007 ista
1801 966 2008 1022 sponsa

412 1048 612 1120 exponi
682 1046 870 1119 potest
931 1047 1076 1119 quod
1140 1047 1344 1105 dicitur
1405 1046 1544 1105 Osee
1614 1048 1857 1106 secundo
1889 1048 2006 1124 (1):

413 1142 717 1217 Sponsabo
761 1147 814 1201 te
854 1144 1004 1201 mihi
1052 1144 1117 1200 in
1170 1145 1402 1202 iustitia
1456 1148 1511 1202 et
1563 1146 1783 1204 iudicio
1840 1149 1897 1203 et
1950 1148 2009 1204 in

410 1243 817 1301 misericordia
856 1244 911 1299 et
964 1243 1028 1299 in
1082 1243 1577 1316 miserationibus,
1620 1247 1675 1301 et
1719 1244 2009 1315 sponsabo

412 1344 465 1399 te
504 1340 655 1399 mihi
712 1340 779 1398 in
839 1340 968 1413 fide,
1019 1343 1075 1398 et
1134 1342 1296 1413 scies,
1342 1341 1487 1413 quia
1547 1358 1649 1415 eqo
1691 1342 2010 1401 Dominus.

410 1439 566 1508 Ecce,
598 1439 837 1513 pulchra
867 1456 1103 1511 sponsa:
1137 1439 1376 1512 pulchra
1404 1441 1468 1497 in
1497 1441 1729 1499 iustitia
1756 1444 1811 1497 et
1857 1442 2011 1500 iudi·-

409 1540 499 1597 cio
539 1539 798 1611 respectu
828 1540 933 1608 sui,
967 1538 1204 1610 pulchra
1231 1540 1297 1595 in
1323 1538 1801 1597 miserationibus
1830 1543 1888 1597 et
1912 1541 2008 1597 mi·

408 1635 733 1696 sericordia
760 1637 1018 1709 respectu
1042 1637 1297 1708 proximi,
1323 1636 1560 1709 pulchra
1587 1638 1650 1694 in
1680 1636 1795 1707 fide
1822 1654 2012 1711 respe-

410 1736 506 1794 ctu
548 1736 669 1794 Dei.
700 1735 945 1794 Pulchra
989 1736 1182 1808 ntique
1211 1736 1267 1793 in
1299 1735 1519 1793 iustitia
1548 1735 1698 1794 vitae
1732 1734 1792 1794 et
1834 1737 1891 1794 in
1936 1737 2012 1794 iu·

409 1836 549 1894 dicio
591 1836 978 1904 conscientiae,
1023 1834 1261 1907 pulchra
1301 1836 1360 1892 in
1406 1834 1785 1893 misericordia
1826 1836 1886 1892 in
1928 1834 2012 1892 af-

408 1934 557 1992 fectu
601 1933 659 1992 et
698 1935 754 1992 in
796 1934 1252 1992 miserationibus
1292 1935 1348 1990 in
1404 1932 1623 2000 effectu,
1668 1933 1911 2006 pulchra
1951 1935 2009 1991 in

410 2031 536 2101 fide,
580 2050 690 2105 qna
733 2031 968 2090 credidit
995 2033 1181 2090 omnia
1215 2031 1490 2089 credenda
1520 2048 1696 2104 supra
1725 2048 1784 2089 se
1813 2030 1875 2089 et
1901 2047 2013 2105 qua

407 2131 645 2189 credidit
685 2131 872 2189 omnia
914 2130 1252 2202 perficienda
1292 2130 1351 2186 in
1394 2146 1471 2198 se,
1515 2129 1672 2187 iuxta
1713 2130 1860 2188 illud
1902 2131 2009 2188 Lu·

408 2246 504 2287 cae
548 2230 728 2301 primo
757 2221 878 2303 (2):'
923 2228 1115 2286 Beata
1164 2243 1311 2300 quae
1364 2226 1682 2299 credidisti,
1725 2229 2015 2300 quoniam

399 2326 782 2400 perficientur
810 2327 874 2384 in
903 2329 954 2384 te
981 2342 1131 2398 quae
1172 2325 1330 2383 dicta
1356 2328 1497 2384 sunt
1526 2325 1633 2382 tibi
1661 2343 1700 2383 a
1727 2326 2013 2384 Domino.

409 2426 515 2485 Sed
555 2442 694 2493 ecce,
738 2442 947 2498 sponsa
987 2425 1234 2498 Spiritus
1275 2424 1457 2483 sancti
1498 2425 1698 2494 Maria,
1729 2425 1879 2483 sicut
1906 2424 2016 2485 for-

409 2525 727 2584 mosissima
767 2524 856 2582 est
897 2525 953 2581 in
995 2524 1438 2593 conversatione,
1468 2524 1550 2580 ita
1593 2523 1765 2581 etiam
1809 2524 2017 2583 dulcis-

410 2625 553 2682 sima
593 2623 681 2681 est
722 2623 780 2680 in
821 2623 1176 2692 allocutione,
1221 2622 1367 2681 sicut
1407 2622 1613 2680 dicitur
1647 2621 2015 2683 canticorum

538 2854 584 2914 1)
619 2853 752 2901 Vere.
794 2853 867 2900 19.
903 2866 1001 2911 seq.

532 2933 583 2994 2)
618 2935 753 2981 Vere.
787 2933 866 2980 45.

140 3000 255 3029 μ
