2237 3481
361 238 475 307 122
869 254 1161 306 SPEGULUM
1203 252 1256 305 Β.
1296 254 1360 305 n.
1404 254 1461 307 v.

519 454 710 515 Primo
751 471 885 529 ergo
926 455 1224 526 attendite,
1266 454 1563 524 carissimi,
1605 453 1753 528 quod
1782 454 1977 515 Domi·

355 572 465 614 nus
505 556 699 615 noster
743 554 1023 627 specialis,
1065 556 1161 627 qui
1201 571 1328 612 cum
1370 553 1554 612 Maria
1581 554 1688 622 θεὴ,
1715 555 1839 626 ipse
1881 554 1978 612 θεὴ

354 655 629 713 Dominus
657 654 968 726 piissimas
999 652 1357 711 liberalitate
1385 653 1798 712 misericordiae
1832 670 1976 711 suae

354 753 628 811 infinitae.
673 752 808 823 Ipse
849 753 996 808 enim
1040 750 1129 808 θεὴ
1191 751 1486 819 DominuS‚
1539 751 1606 809 de
1669 767 1781 824 quo
1846 768 1978 824 pro-

356 850 529 924 pheta
560 849 649 925 (1)
693 850 807 907 ait:
857 850 966 922 Pa,
1009 850 1283 922 Domine,
1325 850 1528 907 suavis
1567 852 1624 907 et
1662 849 1824 907 mitis
1856 849 1974 924 (2),

353 951 410 1007 et
454 949 675 1007 multae
735 947 1190 1019 misericordiae,
1234 946 1505 1005 omnibus
1566 947 1980 1007 invocantibus

356 1050 424 1105 te.
468 1046 705 1105 Multae
741 1044 1179 1104 ‘misericordiae
1221 1045 1310 1104 θεὴ
1350 1046 1627 1104 Dominus
1668 1046 1727 1103 in
1770 1046 1978 1104 multis

355 1144 641 1203 beneficiis
670 1143 1098 1215 temporalibus,
1124 1143 1541 1215 spiritualibuS,
1564 1143 1978 1213 aeternalibuS,

354 1260 498 1317 quae
539 1260 605 1301 ex
645 1242 828 1301 multa
870 1242 1250 1300 misericordia
1293 1258 1397 1299 sua
1439 1242 1684 1301 contulit
1719 1242 1884 1302 nobis
1913 1242 1978 1300 θὴ

357 1341 609 1400 conferre
651 1358 762 1400 non
807 1340 1011 1398 cessat.
1053 1340 1284 1397 Utinam
1331 1339 1513 1398 tantis
1556 1340 1779 1400 Domini
1808 1342 1979 1398 mise-

355 1435 610 1493 ricordiis
652 1451 763 1493 non
808 1435 984 1491 simus
1025 1434 1272 1507 ingrati!
1316 1433 1549 1498 Utinam
1581 1434 1820 1493 Domino
1849 1434 1975 1492 tam

357 1532 875 1600 misericordissimo
918 1532 1095 1589 simus
1158 1531 1323 1589 valde
1384 1531 1542 1606 grati
1605 1549 1731 1590 cum
1792 1532 1974 1602 Isaia‚

354 1632 452 1706 qui
493 1631 560 1689 de
602 1631 713 1689 isto
776 1631 1014 1690 Domino
1076 1630 1178 1700 ait,
1229 1632 1577 1703 sexagesimo
1639 1631 1811 1690 tertio
1844 1632 1972 1707 (3):

355 1730 819 1788 Miserationum
861 1728 1106 1787 Domini
1146 1728 1532 1799 recordabor,·
1572 1728 1804 1788 laudem
1844 1729 1978 1790 Do-

353 1828 506 1885 mini
543 1844 720 1899 super
760 1827 1044 1900 omnibus,
1088 1843 1237 1899 quac
1276 1826 1535 1886 reddidit
1573 1828 1739 1886 nobis
1766 1827 1979 1888 Domi·

355 1941 486 1984 nas,
530 1925 688 1995 Ecce,
731 1924 932 1994 Maria,
963 1926 1150 1998 qualis
1192 1925 1467 1984 Dominus
1502 1925 1608 1995 θεὴ,
1637 1942 1810 1999 quam
1841 1928 1978 1999 piis-

360 2025 538 2097 simus
579 2024 637 2082 θὴ
681 2023 1237 2083 misericordissimus
1280 2023 1556 2082 Dominus
1598 2024 1705 2093 θεὴ,
1747 2026 1846 2098 qui
1887 2025 1980 2084 ὴθ-

356 2139 482 2180 cum
526 2122 645 2180 est!
691 2122 768 2179 Εὴ
807 2123 940 2195 quia
969 2122 1245 2181 Dominus
1284 2122 1845 2181 misericordissimus
1873 2125 1980 2182 mi-

356 2221 791 2279 sericordissime
833 2220 921 2278 θεὴ
963 2222 1166 2289 tecum,
1196 2220 1318 2279 ideo
1361 2219 1419 2278 θὴ
1460 2220 1524 2278 tu
1565 2238 1626 2278 es
1656 2222 1980 2280 misericor-

354 2319 588 2376 dissima
632 2335 836 2387 secum,
879 2319 946 2376 ut
986 2335 1116 2376 vere
1172 2318 1239 2376 de
1293 2318 1350 2375 ὴθ
1413 2318 1520 2376 dici
1582 2319 1768 2391 possit
1828 2320 1980 2379 illud

354 2417 540 2476 Isaiae
590 2417 799 2476 decimo
856 2416 1012 2476 sexto
1044 2416 1169 2492 (4):
1214 2415 1697 2489 Praeparabitar
1744 2418 1813 2476 in
1866 2419 1981 2477 mi-

485 2684 530 2743 1)
566 2683 742 2751 Psalm.
777 2681 856 2740 85,
891 2683 939 2728 5.

478 2765 528 2824 2)
564 2764 603 2810 B
635 2762 912 2810 continuat:
951 2762 1006 2808 Si
1054 2766 1222 2809 autem
1275 2763 1437 2810 tribus
1470 2764 1708 2825 personis
1745 2766 1979 2814 volumus

355 2845 714 2906 appropriare.
751 2842 918 2891 Cetera
951 2842 1124 2890 desunt
1155 2856 1301 2901 usque
1332 2857 1442 2904 pag.
1484 2843 1568 2892 131
1603 2843 1693 2891 lin.
1736 2844 1811 2894 17.

480 2925 530 2987 8)
566 2924 701 2971 Vers.
739 2924 785 2971 7.
1655 2925 1706 2987 4)
1743 2926 1883 2974 Vera.
1918 2927 1973 2976 5.
