2237 3481
847 288 1046 334 memo
1085 289 1225 337 xvn.
1716 271 1831 333 249

240 484 326 541 est
362 482 431 540 in
458 481 645 540 oculis
671 482 898 556 cestrie,
926 479 1130 552 afferte
1156 483 1463 541 mercedem
1487 496 1694 540 meam.
1729 483 1835 540 Sed

241 581 394 640 certe
433 597 546 640 non
590 581 769 639 solum
800 581 903 639 filii
932 578 1075 640 sunt
1095 598 1306 640 merces
1347 581 1565 640 fructus
1599 581 1833 651 ventris,

242 680 341 738 sed
383 678 554 738 etiam
615 681 737 752 ipse
792 679 1012 738 fructus
1073 680 1292 739 ventris
1353 680 1694 739 sanctissimi
1748 680 1838 738 est

243 795 454 836 merces
495 777 599 836 filii
641 777 940 836 cuiuslibet
981 778 1253 852 adoptivi.
1310 778 1415 848 Qui
1469 778 1658 837 autem
1702 779 1839 837 suut

241 875 341 934 isti
383 876 529 934 filii?
568 875 737 934 Audi.
778 876 1050 937 Filiorum
1102 877 1192 937 est
1244 878 1476 952 diligere
1518 877 1739 951 patrem
1780 878 1838 935 et

244 974 429 1047 patris
469 974 648 1046 filios3
691 975 796 1034 filii
839 992 973 1050 ergo
1014 977 1117 1035 Dei
1147 976 1205 1036 et
1229 976 1333 1035 filii
1360 977 1640 1037 Ecclesiae
1682 975 1835 1046 sunt,

244 1075 578 1146 quicumque
628 1073 808 1132 Deum
870 1075 927 1133 et
981 1077 1295 1148 proximum
1350 1075 1629 1150 diligunt3
1690 1074 1838 1133 unde

243 1171 559 1245 Apostolus
600 1172 672 1230 ad
712 1171 989 1246 Ephesios
1028 1174 1227 1247 quinto
1252 1172 1368 1250 (1):
1398 1174 1603 1233 Estote
1640 1175 1840 1232 imita-

245 1273 399 1329 tores
439 1270 554 1328 Dei
594 1272 745 1330 sicut
784 1272 901 1343 filii
956 1273 1251 1332 carissimi
1310 1276 1366 1331 et
1424 1271 1716 1332 ambulate
1775 1273 1841 1330 in

246 1367 550 1426 dilectione
589 1369 695 1427 etc.
751 1370 829 1427 Et
887 1370 1168 1431 Matthaei
1228 1372 1438 1445 quinto,
1456 1370 1546 1447 (2)
1602 1371 1837 1431 dicitur:

243 1465 497 1541 Diliyite
539 1469 806 1528 inimicos
844 1472 1082 1544 vestroe,
1126 1467 1435 1540 benefacite
1464 1469 1557 1529 his
1584 1469 1687 1543 qui
1712 1468 1841 1528 ode-

246 1568 394 1623 runt
431 1582 550 1639 vos,
603 1570 658 1625 et
717 1570 879 1626 orate
932 1557 1070 1641 pro
1098 1568 1578 1641 persequentibus
1631 1570 1686 1626 et
1745 1583 1857 1625 σα-7

248 1663 676 1724 lumniantibus
717 1683 834 1736 vos,
876 1670 944 1725 ut
981 1666 1109 1726 sitis
1136 1667 1254 1738 lilii
1281 1658 1490 1725 Patris
1516 1666 1707 1739 vestri,
1738 1665 1841 1739 qui

244 1764 312 1821 in
355 1763 531 1822 caelis
572 1767 672 1823 est.
716 1766 882 1825 Tales
923 1783 1057 1840 ergo
1096 1766 1219 1836 filii,
1266 1766 1521 1825 videlicet
1560 1765 1841 1824 amatores

246 1861 352 1919 Dei
391 1862 450 1920 et
490 1864 745 1935 proximi,
790 1864 926 1923 sunt
964 1882 1177 1923 merces
1217 1865 1385 1924 huius
1428 1865 1647 1923 fructus
1675 1864 1843 1923 bene-

245 1958 400 2028 dicti,
443 1959 754 2035 taliumque
794 1962 1039 2022 filiorum
1082 1980 1292 2021 merces
1333 1962 1422 2022 est
1461 1964 1582 2035 ipse
1622 1962 1842 2021 fructus

245 2057 592 2117 benedictus,
653 2060 741 2119 Sic
800 2061 979 2135 igitur
1036 2061 1257 2128 fructus
1318 2061 1426 2120 iste
1486 2060 1841 2135 diligentium

246 2155 355 2224 est,
398 2156 456 2213 et
493 2156 615 2215 ideo
656 2158 839 2216 Maria
880 2175 1050 2232 super
1091 2176 1283 2219 omnes
1310 2159 1562 2219 homines
1589 2158 1693 2218 hoc
1723 2158 1841 2236 fru-
1895 2213 1900 2218 ,

247 2254 344 2312 ctu
384 2254 494 2311 fuit
554 2255 904 2330 dignissima,
947 2259 1079 2331 quia
1136 2275 1305 2331 super
1346 2275 1538 2317 omnes
1584 2257 1841 2316 homines

249 2351 362 2410 fuit
400 2353 640 2412 caritate
682 2353 1168 2414 affectuosissima.
1211 2356 1453 2430 Propter
1514 2356 1662 2429 quod
1705 2356 1844 2414 bene

247 2450 333 2509 ait
374 2451 733 2525 Augustinus
756 2453 846 2529 (3)
906 2456 1014 2513 sic:
1067 2477 1097 2506 «
1121 2455 1257 2524 Quis
1312 2455 1571 2514 dubitare
1634 2454 1845 2527 poterit

246 2551 472 2609 omnino
514 2551 574 2608 in
614 2550 963 2611 affectionem
1005 2552 1265 2611 caritatis
1307 2553 1583 2612 transisse
1628 2556 1844 2613 viscera

379 2799 424 2859 1)
460 2800 594 2846 Vers.
636 2800 678 2846 1.
715 2814 814 2858 seq.

372 2879 422 2938 2)
458 2880 590 2927 Vers.
624 2879 703 2927 44.
739 2894 836 2938 seq.

376 2959 424 3018 3)
460 2959 622 3007 Potius
645 2961 896 3022 Bernard.,
920 2960 1067 3009 Serm.
1097 2962 1140 3010 1.
1163 2961 1215 3009 in
1236 2962 1445 3010 Assumt.
1470 2963 1527 3010 B.
1552 2963 1617 3010 Μ.
1637 2964 1695 3011 V.
1720 2978 1769 3011 11.
1793 2964 1841 3011 2.
1935 2945 1940 2952 ’
