2237 3481
377 234 454 291 98
886 252 1177 294 SPECULUM
1219 254 1271 295 B.
1315 254 1378 294 M.
1421 254 1473 296 v.

376 443 509 515 quia
549 441 750 500 ceteris
793 460 891 516 per
943 444 1137 516 partes
1180 443 1527 516 praestatur,
1585 446 1800 503 Mariae
1849 463 1991 505 vero

378 540 546 598 simul
588 558 646 598 se
706 541 830 600 tota
891 542 1099 599 infudit
1163 543 1453 614 plenitudo
1507 544 1728 616 gratiae
1759 567 1816 604 >›.
1862 545 1992 603 Hoo

376 654 510 711 ergo
550 639 780 712 plenum
822 657 976 698 mare
1016 641 1313 699 audiamus
1355 641 1554 700 contra
1582 641 1724 699 vitia
1761 641 1990 701 tonare.

381 737 563 795 Tonet
601 753 735 811 ergo
761 754 926 795 mare
966 742 1020 796 et
1050 739 1360 810 plenitudo
1388 740 1529 812 eius,
1561 739 1721 798 tonet
1751 740 1989 812 plenum

375 852 548 905 mare,
592 835 752 894 tonet
794 837 963 909 plena
1004 838 1205 895 Maria.
1249 837 1429 896 Tonet
1470 837 1668 896 contra
1696 839 1988 897 luxuriam

373 933 699 992 castitatem
762 936 1124 1007 proponendo
1166 936 1245 998 *et
1305 934 1458 993 dicat
1487 935 1609 1010 (1):
1683 935 1989 1010 Quomodo

373 1029 472 1102 fiet
509 1031 685 1104 istud,
723 1034 1005 1105 quoniam
1044 1034 1240 1091 virum
1267 1050 1386 1092 non
1428 1035 1761 1107 coquosoo?
1803 1034 1990 1093 Tonet

375 1129 543 1187 etiam
586 1131 786 1189 contra
827 1131 1147 1203 superbiam
1191 1130 1428 1190 humilia
1471 1133 1763 1191 sentiendo
1807 1132 1866 1190 et
1908 1133 1991 1191 di·

375 1227 468 1286 cat
513 1228 631 1303 (2):
694 1230 860 1301 Ecce,
928 1230 1151 1287 aneilla
1213 1230 1477 1288 Domini.
1521 1230 1702 1288 Tonet
1762 1248 1990 1304 quoque

373 1326 572 1384 contra
601 1326 1069 1399 ingratitudinem
1098 1326 1319 1400 gratias
1346 1328 1563 1401 agendo
1593 1329 1651 1385 et
1679 1327 1832 1387 dicat
1858 1329 1986 1404 (3):

374 1424 733 1498 Maynifioat
773 1425 977 1483 anima
1026 1441 1155 1483 mea
1211 1426 1554 1484 Dominum.
1598 1426 1680 1483 De
1738 1426 1989 1497 plenitu-

374 1523 501 1581 dine
542 1522 712 1581 huius
754 1525 928 1582 maris
955 1523 1217 1581 similiter
1256 1525 1315 1581 in
1359 1524 1588 1582 Psalmo
1619 1524 1709 1598 (4)
1739 1524 1985 1583 dicitur:

372 1620 692 1678 Moveatur
752 1637 912 1678 mare
972 1624 1028 1678 et
1080 1621 1387 1693 plenitudo
1458 1622 1603 1679 eius.
1667 1622 1990 1680 Moventur

373 1735 557 1792 mare,
602 1718 894 1778 moveatur
933 1720 1136 1790 Maria,
1170 1719 1461 1779 moveatur
1504 1720 1768 1792 suspiriis
1809 1722 1869 1778 et
1897 1738 1988 1780 ca·

375 1818 799 1890 stigationibuS,
843 1818 1137 1877 moveatur
1178 1820 1444 1892 lacrymis
1493 1819 1551 1877 ert
1607 1820 1985 1887 orationibuS,

372 1917 668 1975 moveatur
710 1917 1075 1990 eleemosynis
1104 1916 1162 1974 et
1190 1917 1319 1975 aliis
1359 1918 1839 1976 venerationibus
1868 1918 1988 1978 Mo-

371 2015 575 2073 veatur
617 2017 796 2088 plene,
840 2015 906 2072 ut
948 2015 1108 2073 nobis
1154 2015 1220 2072 de
1273 2032 1376 2072 sua
1432 2015 1689 2073 effundat
1738 2017 1989 2088 plenitu-

371 2113 518 2171 dine.
564 2112 963 2180 AttendamuS‚
1013 2113 1148 2185 quid
1203 2113 1270 2170 de
1325 2112 1429 2171 hoc
1484 2113 1684 2171 beatus
1740 2114 1988 2172 Bernar-

373 2210 480 2268 dus
541 2211 838 2283 loquatur;
895 2210 981 2268 ait
1037 2227 1278 2283 namque
1341 2213 1451 2269 sic:
1521 2234 1549 2262 «
1591 2212 1706 2269 Vas
1761 2213 1986 2285 liquore

376 2310 603 2381 plenum
649 2310 695 2366 si
738 2325 847 2382 quo
891 2309 1050 2367 modo
1094 2309 1404 2377 moveatur,
1450 2310 1515 2367 de
1558 2308 1709 2367 facili
1753 2310 1990 2369 subver-

375 2405 520 2464 titur
561 2406 618 2464 et
659 2406 897 2464 effundit
956 2407 1263 2479 liquorem3
1321 2407 1400 2464 sio
1460 2407 1627 2465 beata
1689 2407 1890 2481 Virg0‚
1939 2411 1989 2467 si

374 2503 668 2563 moveatur
710 2505 987 2577 precibus,
1032 2504 1270 2563 effundit
1308 2505 1557 2578 gratiam
1600 2506 1658 2563 in
1700 2505 1866 2565 nobis
1898 2531 1957 2564 ».

502 2753 548 2813 1)
584 2755 695 2800 Luc.
736 2752 779 2811 1,
817 2752 893 2799 34.

500 2834 548 2893 2)
583 2834 704 2882 Ibid.
741 2848 787 2881 v,
824 2834 900 2881 38.
1751 2876 1754 2879 .

499 2915 546 2975 3)
581 2914 703 2962 Ibid.
739 2929 785 2962 v.
822 2914 902 2961 46.
1479 2914 1529 2974 4)
1566 2916 1741 2963 Psalm.
1778 2916 1862 2977 95,
1905 2918 1986 2966 11.

430 3178 435 3185 ι

379 3184 565 3376 Ε

470 3220 493 3233 ·,

500 3238 517 3261 ’-

530 3268 559 3279 i)

568 3324 571 3335 1
