2237 3481
869 255 1069 297 merlo
1109 256 1187 300 11.
1711 237 1823 298 161

225 447 483 504 lanceam
526 447 628 504 zeli
671 445 869 505 contra
908 446 1048 504 vitia
1089 463 1202 505 non
1232 446 1486 505 extendis
1512 448 1571 504 in
1601 447 1826 518 munde,

225 545 382 603 Deus
421 545 675 603 lanceam
719 546 836 603 inae
888 562 1021 603 suae
1081 544 1281 604 contra
1343 546 1399 603 te
1455 545 1717 604 extendet
1769 548 1827 605 in

222 643 460 713 iudici03
501 644 649 701 unde
676 644 996 716 Sapientiae
1025 644 1222 717 quinto
1247 642 1335 719 (1)
1367 644 1602 703 dicitur:
1643 642 1831 703 Acuet

222 744 386 800 iram
428 740 624 800 diram
649 742 737 817 (2)
780 744 848 801 in
909 743 1191 802 lanceam.
1250 742 1298 801 Ο
1337 744 1522 816 qualis
1563 743 1829 801 bellatrix

222 840 338 899 fuit
379 840 562 899 Maria
603 857 728 899 cum
768 837 971 898 sancta
999 842 1101 898 zeli
1132 842 1218 898 sui
1245 841 1472 899 lancea!
1511 842 1671 900 Unde
1698 842 1829 900 Ber-

223 939 442 997 nardus
475 939 595 1015 (3):
649 962 678 991 α
706 940 789 997 Tu
845 940 1110 997 bellatrix
1166 941 1393 1013 egregia
1443 941 1637 1012 -primo
1700 947 1826 1000 eum

222 1039 324 1110 qui
368 1039 586 1110 primus
626 1037 807 1095 Evam
866 1037 1281 1111 supplantavit,
1324 1056 1649 1119 expugnare
1691 1040 1827 1097 viri-

219 1136 359 1193 liter
401 1152 674 1209 aggressa
715 1153 774 1194 es
797 1159 854 1193 ».
1461 1119 1468 1130 ¹

390 1233 470 1291 Ut
510 1250 644 1307 ergo
685 1233 846 1293 bonis
887 1234 1150 1308 operibus
1207 1234 1447 1293 fideliter
1496 1234 1828 1293 insistamus

222 1332 284 1392 et
326 1333 492 1391 malis
549 1333 791 1391 viriliter
839 1332 1191 1401 resistamus,
1241 1334 1617 1392 necessarium
1666 1334 1827 1393 nobis

221 1431 332 1501 est,
395 1431 462 1489 ut
515 1432 729 1490 Mariae
800 1432 1112 1504 exemplum
1176 1433 1558 1505 inspiciamuS‚
1614 1433 1828 1492 Mariae

225 1529 564 1604 suffragium
606 1530 989 1626 imploremus
1046 1530 1203 1588 Tunc
1256 1531 1418 1604 quasi
1458 1530 1531 1587 ab
1592 1547 1827 1589 ascensu

219 1644 461 1687 aurorae
528 1641 846 1700 operamur,
919 1628 1142 1701 quando
1198 1627 1509 1687 irradiante
1576 1629 1828 1702 exemplo

220 1727 282 1787 et
337 1726 458 1785 vita
515 1726 728 1785 Mariae
771 1727 993 1800 quando
1054 1726 1365 1786 irradiante
1420 1726 1731 1800 patrocinio
1770 1728 1829 1788 et

220 1826 604 1885 misericordia
647 1826 878 1894 Mariae,
934 1827 1006 1883 ad
1047 1826 1186 1885 bene
1241 1826 1584 1899 operandum
1632 1827 1827 1886 incita-

220 1942 369 1982 mur.
414 1924 565 1982 Bene
606 1923 795 1982 autem
840 1925 1062 1997 operari
1125 1925 1406 1994 debemuS,
1450 1924 1627 1983 donec
1676 1942 1827 2000 eyre-

221 2023 470 2080 diamur
532 2024 719 2095 astra,
762 2021 867 2081 hoc
920 2022 1027 2092 est,
1084 2024 1257 2082 donec
1317 2024 1536 2082 animae
1597 2024 1827 2083 nostrae

219 2121 440 2179 lucidae
505 2120 777 2194 tanquam
840 2121 1002 2179 astra
1054 2122 1321 2181 exeuntes
1378 2123 1445 2181 de
1497 2124 1827 2196 corporibus

218 2219 450 2278 evolent
502 2221 575 2277 ad
630 2221 811 2278 astra.
874 2221 981 2279 Sed
1044 2238 1214 2293 super
1270 2205 1457 2280 omnia
1510 2221 1672 2280 astra
1714 2224 1824 2281 iam

217 2334 452 2391 egressa
495 2319 585 2376 vel
641 2318 824 2377 adhuc
884 2336 1185 2393 egressura
1235 2321 1305 2378 ad
1362 2320 1522 2379 astra
1578 2321 1827 2395 splendi-

217 2415 513 2473 dissimum
557 2416 777 2474 astrum
842 2417 932 2476 est
992 2435 1200 2477 aurora
1260 2418 1459 2478 nostra
1500 2419 1699 2490 Maria,
1743 2419 1828 2478 te-

356 2684 400 2744 1)
437 2684 572 2732 Vers.
607 2684 687 2732 21.

349 2765 400 2825 2)
435 2765 644 2823 Vulgata
677 2766 822 2813 habet
854 2767 1052 2814 duram.

346 2846 395 2905 3)
431 2845 649 2904 Egbert.,
684 2847 774 2894 loc.
811 2846 896 2894 cit.
932 2861 982 2894 n.
1017 2848 1064 2894 5.
1100 2874 1162 2883 —
1196 2849 1287 2896 Pro
1319 2849 1476 2896 Evam
1514 2850 1638 2896 text.
1681 2847 1823 2907 origi-

220 2928 320 2974 nal.
357 2926 479 2985 legit
510 2928 694 2974 omnia.

1644 3030 1697 3075 11
