2237 3481
829 246 1028 288 Luc'rro
1069 246 1209 288 xvn.
1702 228 1818 286 257

217 437 486 498 comedet.
516 438 604 496 Sic
633 454 766 510 ergo
809 436 1028 495 fructus
1069 437 1180 495 iste
1222 436 1546 494 benedictus
1582 435 1671 495 est
1697 437 1821 494 abs-

218 536 524 594 tinentium
581 537 780 594 contra
831 536 1046 608 gulam,
1103 533 1163 593 et
1223 535 1343 612 ideo
1404 534 1588 593 Maria
1650 551 1820 608 super

217 650 413 694 omnes
452 633 707 692 homines
748 632 858 691 fuit
896 632 1001 692 hoc
1042 633 1233 691 fructu
1296 634 1646 706 dignissima,
1688 634 1820 706 quia

222 749 394 805 super
437 749 628 791 omnes
670 731 924 790 homines
964 731 1074 789 fuit
1135 732 1334 790 contra
1373 732 1568 805 gulam
1612 731 1819 804 tempe·

216 831 525 890 ratissima.
568 830 811 903 Propter
854 831 1000 903 quod
1044 830 1183 888 bene
1210 831 1454 889 Ioannes
1485 829 1819 905 chrysosto-

215 947 344 988 mus
368 927 456 1005 (1)
500 928 612 987 ait:
666 952 695 981 «
725 929 1102 989 Comessatrix
1144 930 1246 987 aut
1307 927 1597 988 vinolenta
1637 929 1848 987 Maria'

214 1045 505 1100 nunquam
549 1027 676 1097 fuit,
718 1044 831 1086 non
875 1028 1035 1096 leviS,
1077 1044 1189 1086 non
1232 1029 1434 1098 iocosa,
1476 1045 1590 1088 non
1630 1028 1819 1086 canta-

216 1127 349 1195 trix,
381 1143 491 1184 non
523 1125 785 1199 turpium
805 1127 1102 1184 verborum
1133 1126 1378 1184 amatrix
1399 1151 1428 1179 »
1454 1149 1467 1197 ;
1498 1127 1639 1185 talia
1668 1126 1819 1186 certe

216 1224 716 1296 intemperantiam
761 1226 916 1297 sequi
961 1225 1165 1284 solent.

378 1322 645 1395 Septimo,
689 1324 984 1392 carissimi,
1042 1325 1349 1393 videamuS‚
1393 1325 1665 1397 quomodo
1707 1325 1819 1383 fru-

220 1421 349 1479 ctus
391 1420 608 1479 ventris
648 1421 861 1479 Mariae
904 1421 981 1478 sit
1023 1423 1442 1480 continentiam
1493 1423 1691 1481 contra
1731 1421 1821 1481 lu-

221 1522 473 1590 xuriam3
517 1519 584 1578 de
612 1520 717 1578 hoc
745 1522 892 1578 enim
923 1521 1129 1578 dicitur
1157 1520 1477 1593 Sapientiae
1508 1521 1677 1580 tertio
1695 1522 1816 1597 (2):

221 1618 403 1677 Felix
463 1619 687 1677 sterilis
747 1623 801 1677 et
862 1620 1333 1692 incoinquinata,
1378 1636 1527 1691 qaae
1585 1621 1822 1679 nescivit

222 1720 417 1776 torum
478 1717 543 1774 in
604 1717 834 1791 delicto,
900 1718 1125 1777 habebit
1185 1702 1446 1788 fructum
1506 1719 1572 1777 in
1629 1735 1821 1792 respe-

134 1801 141 1809 ’
214 1819 401 1875 ctione
446 1818 782 1874 animarum
824 1820 1200 1888 sanctarum,
1241 1819 1307 1875 in
1332 1819 1703 1891 respectione,
1733 1820 1821 1875 in-

216 1932 406 1990 quam,
451 1933 551 1989 per
592 1915 860 1989 gratiam,
904 1917 1086 1989 magis
1128 1916 1318 1973 autem
1362 1918 1420 1974 in
1471 1916 1819 1988 respectione

216 2031 317 2087 per
358 2015 620 2088 gloriam.
662 2014 740 2071 Et
780 2013 929 2073 certe
970 2015 1192 2073 fructus
1237 2014 1454 2072 ventris
1496 2014 1817 2084 castissimi,

216 2112 438 2170 fructus
479 2113 698 2171 ventris
742 2113 1041 2186 virginalis
1085 2114 1287 2172 merito
1316 2113 1406 2171 est
1433 2113 1656 2171 fructus
1697 2130 1821 2171 con-

214 2211 518 2269 tinentium
563 2212 841 2283 specialiS.
887 2211 1025 2269 Cum
1069 2213 1219 2270 enim
1262 2228 1361 2284 per
1404 2209 1651 2270 fructum
1696 2211 1819 2270 Vir-

215 2311 369 2384 ginis
411 2310 763 2368 benedictum
806 2309 1212 2369 benedicantur
1255 2328 1447 2369 omnes
1487 2310 1681 2368 fideles
1722 2328 1820 2384 ge-

215 2408 506 2476 neraliter,
570 2410 771 2467 merito
842 2409 1197 2467 continentes
1261 2409 1658 2467 benedicentur
1719 2427 1819 2482 per

216 2510 404 2580 ipsum
448 2507 790 2579 specialiter,
836 2525 936 2580 per
977 2525 1142 2580 quem
1196 2508 1364 2566 etiam
1409 2508 1819 2567 continentium

217 2607 416 2679 regina
456 2605 748 2664 benedicta
790 2605 879 2664 est
920 2623 1054 2678 prae
1118 2606 1377 2664 omnibus
1429 2606 1816 2680 singulariter,

345 2836 390 2894 1)
426 2836 545 2882 Loco
577 2850 685 2896 pag.
724 2835 802 2893 54,
839 2838 953 2883 nota
986 2836 1032 2883 4.
1068 2836 1153 2883 cit.

340 2917 389 2976 2)
425 2917 560 2963 vers,
603 2917 676 2963 13.

1637 3018 1693 3063 17
