2237 3481
879 267 1078 310 LECTIO
1102 235 1198 309 'x1.
1722 249 1836 310 159

229 461 415 520 states
454 460 669 518 Mariae
730 459 1065 518 vocabulum
1128 459 1186 518 ot
1246 460 1594 532 exemplum3
1637 460 1841 530 fluunt

232 563 291 618 et
322 561 574 632 pereunt
608 559 761 617 sieut
799 574 930 616 cera
972 574 1010 615 a
1063 556 1216 627 faeie
1254 558 1409 632 iynis
1441 555 1550 632 (1),
1592 557 1839 616 ubicum-

231 675 342 731 que
383 656 706 715 invenerint
747 656 1003 715 crebram
1064 656 1234 714 huius
1294 656 1538 715 nominis
1591 656 1840 715 recorda·

230 757 465 825 tionem,
508 755 769 816 devotam
811 755 1221 815 invocationem
1264 756 1322 814 et
1376 755 1674 814 sollicitam
1717 755 1836 813 imi-

230 854 508 914 tationem
537 877 595 911 ».

395 952 610 1023 Quarto
650 952 948 1020 attendite,
992 953 1289 1022 carissimi,
1332 953 1481 1026 quod
1508 969 1717 1011 aurora
1743 969 1837 1011 no-

232 1052 362 1111 stra
401 1051 585 1109 Maria
627 1051 790 1109 nobis
833 1051 922 1109 est
961 1050 1145 1123 quoad
1185 1067 1290 1109 nos
1336 1052 1493 1123 ipsos
1531 1050 1841 1110 illumina-

234 1152 360 1209 trix
401 1148 481 1207 ad
530 1150 666 1207 bene
721 1148 1099 1221 ope-randum.
1163 1148 1422 1222 Operarii
1483 1167 1727 1223 namque
1767 1150 1841 1208 ab

229 1265 473 1308 ascensu
495 1264 732 1306 aurorae
759 1248 1041 1320 incipiunt
1069 1248 1324 1321 operari3
1356 1248 1500 1306 unde
1537 1248 1842 1307 Nehemias

230 1346 451 1422 quarto
483 1346 689 1405 dicitur
714 1346 836 1421 (2):
881 1347 1013 1406 Nos
1054 1347 1173 1419 ipsi
1215 1345 1494 1417 faciemus
1528 1364 1694 1420 opus,
1734 1364 1841 1404 me-

232 1447 340 1505 dia
367 1462 523 1519 pars
561 1448 827 1503 nostrum
869 1448 1057 1503 teneat
1099 1445 1333 1504 lanceas
1363 1445 1436 1503 ab
1466 1462 1709 1504 ascensu
1735 1463 1841 1503 au·

229 1560 430 1617 rorae,
472 1529 674 1602 donee*
712 1543 1089 1617 eqrediantur
1151 1546 1337 1603 astra.
1381 1544 1506 1602 Duo
1535 1544 1710 1603 «nobis
1752 1561 1842 1602 ne-

228 1644 479 1702 cessaria
522 1642 675 1710 sunt,
714 1642 989 1710 videlicet,
1020 1642 1086 1699 ut
1127 1642 1288 1700 bonis
1319 1642 1581 1714 operibus
1610 1642 1843 1700 insista-

231 1759 363 1800 mus
406 1743 464 1802 et
503 1742 570 1800 ut
612 1743 768 1800 vitiis
811 1742 1178 1812 resistamu83
1219 1743 1593 1800 necessarium
1647 1743 1841 1814 utique

230 1841 398 1900 nobis
451 1840 558 1908 est,
621 1840 689 1899 ut
748 1840 910 1899 bonis
972 1840 1237 1913 operibus
1299 1840 1661 1910 insistamus3
1719 1841 1842 1900 ideo

232 1939 375 1998 bone
417 1938 583 1996 aiunt
621 1938 1016 1997 aedificantes:
1062 1939 1193 1999 Nos
1233 1939 1346 2011 ips-z·
1371 1937 1652 2008 faciemus
1674 1955 1839 2011 opus.

234 2037 396 2107 Quod
436 2038 623 2109 opus?
662 2038 772 2095 nisi
816 2037 881 2095 do
923 2053 1032 2110 quo
1075 2037 1389 2110 Apostolus
1429 2037 1512 2094 ait
1563 2037 1632 2094 ad
1677 2035 1840 2094 Gala·

234 2137 331 2193 tas
373 2135 531 2195 sexto
556 2134 679 2209 (3):
722 2136 889 2193 Dum
931 2139 1157 2208 tempus
1197 2135 1492 2207 habemus,
1537 2151 1839 2207 operemur

237 2234 458 2292 bonum
500 2234 580 2293 ad
619 2250 832 2292 omnes.
875 2234 1025 2291 Bene
1068 2233 1257 2291 autem
1300 2233 1525 2292 dicunt:
1559 2234 1688 2293 Nos
1729 2233 1846 2306 ipsi

233 2330 541 2405 faeiemuS,
584 2349 688 2390 nos
727 2333 857 2406 ipsi,
901 2349 1013 2391 non
1076 2333 1261 2391 nostri
1303 2333 1529 2403 vicarii3
1575 2332 1721 2390 unde
1764 2349 1844 2390 se·

234 2430 451 2489 eundae
479 2431 552 2488 ad
582 2430 906 2490 Corinthios
949 2432 1105 2489 sexto
1131 2430 1247 2504 (4):
1279 2431 1360 2488 In
1394 2432 1663 2489 omnibus
1691 2430 1844 2489 exhi·

235 2531 477 2589 beamus
539 2531 918 2603 nosmetipsos
978 2531 1132 2588 sieut
1194 2530 1309 2587 Dei
1361 2530 1683 2588 ministros.
1738 2529 1843 2587 Sed

366 2779 413 2838 1)
451 2780 623 2827 Psalm.
659 2780 739 2838 67,
777 2779 823 2826 3.

362 2860 414 2920 2)
448 2860 510 2907 11.
544 2860 684 2907 Esdr.
719 2860 768 2918 4,
804 2860 883 2907 21.
1279 2892 1284 2899 .

365 2942 414 3002 3)
449 2941 585 2988 Vers.
626 2940 700 2987 10.
1067 2993 1071 2998 ,
1538 2939 1587 2999 4)
1623 2940 1755 2986 Vers.
1790 2939 1840 2986 4.
