2237 3481
381 221 498 279 270
887 238 1177 280 SPECULUM
1220 240 1270 279 B.
1316 239 1378 279 Μ.
1423 240 1477 281 v.

379 430 777 501 unusquisque
836 427 1153 500 replebitur
1194 429 1381 486 bouis.
1435 428 1732 487 Dominum
1791 429 1987 486 Iesum

379 545 489 587 non
534 528 715 586 solum
756 526 1003 585 fructum
1047 527 1285 593 ventris,
1347 527 1444 584 sed
1499 526 1667 585 etiam
1722 525 1988 596 fructum

380 627 502 684 oris
563 642 676 685 non
736 627 1042 705 incongrue
1102 624 1367 692 fatemur,
1424 625 1557 697 quia
1618 626 1806 697 ipsum
1871 625 1990 685 oris

367 724 827 797 praedieatione,
871 725 986 782 oris
1013 722 1385 796 confessione,
1432 724 1547 781 oris
1575 724 1841 781 oratione
1879 741 1990 781 me-

380 840 588 881 remur.
630 822 829 894 Ipsum
871 838 1088 895 quoque
1133 838 1227 880 ore
1266 821 1529 880 exteriori
1571 822 1847 879 sumimus
1899 839 1989 879 sa·

379 921 823 990 oramentaliter‚
887 937 982 980 ore
1051 937 1185 980 vero
1248 920 1503 979 interiori
1584 921 1989 993 spiritualiter.

381 1020 622 1092 Propter
666 1020 812 1091 quod
860 1019 994 1078 bene
1056 1019 1435 1092 Hieronymus
1465 1018 1554 1093 (1)
1612 1019 1725 1076 ait:
1793 1041 1822 1070 α
1851 1020 1989 1078 Flos

380 1119 593 1176 Mariae
635 1117 821 1176 factus
861 1119 949 1176 est
991 1117 1232 1186 fructae,
1275 1118 1341 1175 ut
1382 1134 1486 1176 nos
1525 1118 1686 1175 illum
1738 1118 1990 1176 comede·

384 1233 570 1274 remus
598 1238 655 1272 ».
698 1216 780 1274 De
808 1217 919 1274 isto
959 1215 1163 1287 fructu
1204 1217 1329 1274 oris
1369 1216 1768 1288 unusquisque
1802 1215 1990 1273 fidelis

384 1314 701 1386 replebitur
743 1315 910 1372 bortis
952 1314 1337 1387 spiritualium
1400 1313 1744 1381 divitiarum,
1802 1313 1988 1386 boniS,

382 1415 630 1486 inquam,
674 1412 951 1469 virtutum
995 1413 1052 1469 et
1105 1412 1444 1484 gratiarum.
1502 1411 1584 1469 De
1638 1411 1839 1469 talium
1891 1412 1990 1470 bo-

382 1527 583 1569 norum
640 1511 946 1583 repletione
1002 1508 1314 1582 Apostolus
1375 1508 1511 1567 dicit
1571 1509 1644 1567 ad
1704 1509 1990 1568 Romanos

383 1610 592 1668 decimo
634 1609 831 1681 quinto
863 1608 982 1683 (2):
1027 1609 1191 1666 Deus
1233 1610 1425 1666 autem
1463 1609 1587 1679 spei
1627 1606 1850 1680 repleat
1889 1624 1989 1666 vos

385 1708 543 1766 omui
567 1706 785 1781 qaudio
825 1708 879 1765 et
893 1722 1042 1779 pace
1072 1707 1137 1765 iu
1167 1705 1465 1779 eredeudO,
1495 1707 1563 1764 ut
1588 1704 1898 1764 abundetis
1928 1705 1991 1764 iu

383 1823 484 1879 spe
523 1807 580 1863 et
619 1806 831 1863 virtute
861 1803 1124 1877 Spiritus
1150 1805 1359 1862 saneti.
1388 1803 1435 1862 Ο
1465 1821 1594 1861 vere
1621 1803 1789 1861 beata
1817 1803 1987 1861 huius

385 1904 605 1962 fructus
662 1903 970 1976 plenitudo,
1014 1919 1126 1975 qua
1183 1903 1433 1975 repletus
1495 1902 1583 1959 est
1637 1919 1749 1961 non
1805 1903 1986 1961 solum

386 2020 521 2075 ager
548 2002 802 2074 Virginis
828 2000 978 2059 hunc
1005 2000 1248 2058 fructum
1282 2000 1659 2073 producentiS,
1690 1999 1786 2057 sed
1816 2000 1989 2057 etiam

387 2118 580 2159 saccus
636 2101 1069 2172 uniuscuiusque
1112 2099 1295 2157 fidelis
1335 2097 1486 2156 hunc
1525 2097 1770 2156 fructum
1816 2098 1988 2157 conti·

386 2200 593 2266 nentis,
637 2199 783 2255 sicut
827 2197 985 2270 patet
1027 2214 1127 2270 per
1169 2197 1393 2255 beatum
1440 2197 1844 2270 Hieronymum
1878 2196 1987 2271 (3),

389 2299 482 2372 qui
525 2298 637 2355 ait:
712 2319 740 2348 «
769 2298 919 2354 Bene
975 2312 1115 2369 ayer
1167 2295 1383 2368 plenus
1416 2295 1504 2370 (4)
1569 2296 1794 2363 dicitur,
1858 2297 1988 2368 quia

377 2397 562 2469 plena
598 2396 801 2469 qratia
846 2395 1016 2468 Virgo
1061 2394 1240 2451 Maria
1284 2393 1705 2466 pronuntiatur,
1737 2394 1804 2451 de
1833 2396 1991 2452 cuius

518 2583 563 2642 1)
598 2581 810 2628 Breviar.
847 2581 895 2627 in
930 2581 1102 2627 Psalm.
1142 2582 1218 2626 Ps.
1254 2581 1331 2627 66.
1370 2579 1516 2638 (inter
1550 2593 1691 2638 opera
1724 2579 1964 2639 Hieron.).

513 2664 562 2721 2)
598 2663 730 2708 Vers.
772 2663 844 2708 13.

516 2743 563 2802 3)
600 2743 754 2802 Epist.
790 2744 837 2789 9.
873 2743 931 2789 ad
958 2743 1088 2789 Paul.
1115 2744 1164 2788 et-
1187 2742 1409 2789 Eustoeh.
1438 2741 1585 2800 (inter
1608 2754 1748 2800 opera
1771 2741 1991 2801 Hieron.)

392 2839 440 2871 n.
482 2825 554 2870 11.

516 2905 565 2963 4)
601 2904 716 2951 Gen.
752 2905 830 2963 27,
866 2905 943 2950 27.

174 2975 335 3072 Ἣ

336 3079 345 3088 ¹
350 3061 359 3082 ‘A

346 3081 359 3096 2

352 3105 359 3112 a

442 3161 447 3170 ¹·
464 3171 467 3174 .

558 3261 563 3270 ι

574 3303 583 3310 ‚
