2237 3481
130 2971 345 3086 Ἣ

408 281 523 345 198
916 300 1208 347 εΡΕοσιωι
1249 300 1301 346 Β.
1341 300 1405 347 n.
1449 300 1504 347 v.

408 494 575 554 bonis
626 494 832 554 domus
898 498 1048 555 tuae.
1112 495 1264 555 Arca
1324 497 1383 554 in
1443 495 1551 555 hac
1611 496 1773 556 domo
1821 496 2012 561 locata

405 592 577 651 etiam
633 593 924 652 Christum
987 595 1210 669 signat3
1276 595 1539 654 Christus
1599 595 1746 653 enim
1810 611 2012 653 servus

405 692 621 762 noster,
666 692 930 750 Christus
980 710 1113 752 arca
1169 694 1368 752 nostra
1419 692 1524 752 est.
1582 694 1657 751 In
1705 709 1839 751 arca
1901 692 2013 751 fuit

404 807 565 847 urna
606 807 789 848 aurea
832 793 889 848 et
925 807 1151 849 manna
1181 790 1291 866 (1).
1334 789 1503 849 Arca
1544 791 1743 849 sancta
1783 807 2010 849 carnem

409 885 621 944 Christi
659 887 1094 958 sanctissimam,
1124 906 1285 948 urna
1313 905 1500 947 aurea
1525 889 1772 947 animam
1797 888 2014 946 Christi

410 985 897 1057 pretiosissimam,
944 1003 1169 1044 manna
1210 1003 1344 1046 vero
1385 986 1743 1045 divinitatem
1796 985 2014 1044 Christi

406 1082 791 1141 dulcissimam
835 1085 1047 1158 signat.
1090 1084 1336 1157 Propter
1361 1085 1511 1144 hanc
1538 1101 1747 1154 arcam,
1778 1085 2016 1157 propter

404 1181 597 1239 Iesum
642 1180 952 1252 Christum,
997 1182 1204 1240 Fssimn
1246 1183 1479 1252 Mariae,
1524 1183 1799 1242 Dominus
1855 1182 2016 1240 bene·

407 1278 551 1336 dixit
591 1279 778 1338 domui
819 1280 1051 1339 Mariae.
1094 1280 1142 1338 O
1186 1298 1314 1339 vere
1356 1281 1554 1340 domus
1595 1279 1910 1350 benedicta,
1951 1297 2016 1338 ex

408 1393 519 1450 qua
561 1379 809 1436 omnium
862 1378 1139 1451 processit
1179 1379 1329 1437 vita!
1385 1378 1488 1437 Ait
1539 1380 1686 1437 enim
1744 1378 2017 1452 Augusti-

408 1491 518 1532 nus
548 1475 668 1550 (2):
721 1498 751 1527 «
777 1476 1082 1535 Benedicta
1125 1476 1275 1535 tuin
1329 1476 1678 1546 mulieribus,
1739 1493 1888 1550 quae
1943 1477 2018 1534 vi·

412 1573 531 1630 tam
573 1574 712 1631 viris
754 1574 812 1631 et
854 1575 1184 1635 mulieribus
1227 1575 1583 1648 peperisti».

498 1724 504 1731 .
574 1671 742 1742 Item,
776 1673 1070 1743 carissimi,
1102 1674 1337 1748 propter
1365 1673 1580 1748 prolem
1610 1672 1906 1732 benedicta
1933 1673 2023 1732 est

412 1768 596 1827 Maria
636 1787 749 1829 non
791 1772 974 1830 solum
1028 1790 1064 1830 a
1106 1773 1345 1832 Domino
1400 1773 1845 1831 benedictionem
1901 1775 2021 1831 eius

412 1867 700 1940 operante,
759 1870 854 1928 sed
917 1869 1087 1928 etiam
1161 1871 1234 1928 ab
1306 1870 1513 1944 anyelo
1575 1870 2021 1930 benedictionem

412 1966 533 2023 eius
574 1967 894 2037 nuntiante,
940 1968 1088 2026 sicut
1130 1969 1292 2042 patet
1351 1970 1410 2026 in
1452 1967 1712 2027 Gabriele
1767 1968 2021 2027 dicente:

414 2064 712 2123 Dominus
771 2069 989 2137 tecum3
1051 2067 1346 2125 benedicta
1409 2070 1474 2124 tu
1537 2068 1598 2124 in
1658 2067 2023 2125 mulieribw.

414 2161 697 2230 Quomodo
727 2162 949 2222 tecum?
976 2164 1336 2238 Augustinus
1359 2164 1448 2240 (3)
1480 2165 1640 2223 dicit:
1681 2165 1938 2223 «Tecum
1965 2166 2025 2223 in

411 2261 593 2330 corde,
637 2260 820 2320 tecum
862 2263 918 2319 in
950 2263 1148 2321 ventre
1169 2286 1227 2319 ».
1255 2262 1498 2336 Ideoque
1526 2262 1820 2321 benedicta
1850 2264 1918 2321 tu
1947 2281 2028 2322 se·

412 2374 579 2426 cum„
603 2360 735 2432 quia
789 2360 868 2418 sic
923 2359 1012 2418 est
1065 2361 1270 2419 tecum.
1313 2360 1515 2418 Tecum
1559 2359 1773 2433 utique,
1816 2361 2027 2430 tecum,

413 2471 526 2514 non
567 2455 789 2514 tantum
821 2458 968 2515 sicut
997 2457 1231 2517 Creator
1259 2475 1381 2517 cum
1411 2458 1691 2536 creatura,
1723 2457 1821 2516 sed
1853 2458 2027 2517 etiam

416 2555 564 2613 sicut
605 2554 807 2627 partus
849 2572 973 2613 cum
1019 2556 1298 2629 paritura.
1340 2556 1586 2629 Propter
1612 2555 1847 2629 partum
1876 2558 2026 2615 enim

544 2802 589 2860 1)
626 2802 772 2849 Hebr.
807 2802 855 2861 9,
890 2803 939 2849 4.

539 2882 589 2940 2)
624 2882 772 2929 Serm.
812 2882 917 2929 120.
954 2884 1153 2943 append.
1192 2884 1334 2944 (alias
1366 2883 1446 2931 21.
1481 2885 1538 2931 de
1569 2885 1752 2945 Temp.)
1788 2899 1839 2932 n.
1876 2885 1924 2933 4.

541 2962 588 3020 3)
625 2961 774 3009 Serm.
815 2962 920 3010 194.
956 2965 1156 3023 append.
1196 2964 1337 3024 (alias
1375 2965 1449 3012 18.
1484 2966 1542 3014 de
1571 2964 1759 3025 Sanct.)
1784 2971 1835 3013 n'.
1875 2967 1921 3014 1.

363 3135 607 3367 Β
