2237 3481
431 242 548 298 240
938 257 1229 299 SPECULUM
1272 259 1323 298 B.
1365 257 1425 298 M.
1474 259 1527 300 v.

430 448 619 520 potest
662 448 933 516 sufficere,
977 448 1095 505 tam
1137 450 1395 520 copiosus
1424 448 1530 516 est,
1560 449 1707 521 quod
1740 465 2033 522 nunquam

429 546 618 618 potest
658 546 923 614 deficere;
965 548 1021 603 in
1067 547 1248 618 primo
1291 546 1512 619 quidem
1554 548 1833 619 copiosus»,
1864 549 1924 604 in
1957 565 2035 606 se·

427 645 608 704 cundo
650 646 942 717 copiosior,
986 646 1042 702 in
1088 644 1258 702 tertio
1299 645 1737 717 copiosissimus
1765 678 1848 687 —
1876 646 2034 715 DicO,

427 744 721 810 carissimi,
752 743 899 815 quod
928 742 1149 801 fructus
1177 743 1285 800 iste
1315 743 1433 801 tam
1462 745 1719 816 copiosus
1747 745 1855 813 est,
1886 746 2036 818 quod

429 844 692 901 animam
733 842 1106 912 rationalem,
1141 859 1309 914 quam
1345 842 1502 901 totus
1546 843 1788 901 mundus
1830 847 2037 902 omnis·

427 959 534 1015 que
576 941 839 999 creatura
882 941 1094 999 satiare
1138 957 1246 999 non
1293 941 1492 1013 possit,
1535 941 1757 999 fructus
1808 943 1920 1001 iste
1963 944 2032 1002 ad

430 1039 751 1098 satietatem
784 1039 1014 1110 reficere
1045 1042 1277 1112 potest;
1318 1040 1465 1098 unde
1494 1040 1769 1112 scriptum
1799 1041 1890 1098 est
1915 1041 2031 1116 (1):

427 1141 519 1197 De
558 1137 757 1208 fructu
798 1154 1037 1210 operum
1066 1141 1304 1196 tuorum
1331 1139 1650 1197 satiabitur
1681 1141 1857 1197 terra.
1887 1140 2033 1198 Fru-

426 1239 553 1296 ctus
595 1237 812 1295 ventris
855 1237 1066 1294 Mariae
1106 1237 1196 1295 est
1235 1235 1467 1307 fructus
1494 1253 1731 1308 operum
1773 1241 2033 1312 tuorum,

427 1338 679 1405 Domine,
724 1336 948 1394 tuorum
1014 1335 1227 1408 utique,
1292 1337 1535 1402 tuorum,
1580 1353 1695 1395 non
1755 1336 2035 1397 humano-

428 1452 572 1503 rum,
615 1450 726 1492 non
756 1434 1082 1493 mortalium
1107 1434 1218 1509 (2),
1250 1435 1346 1492 sed
1376 1436 1621 1494 tuorum.
1650 1435 1832 1493 Tuum
1861 1439 2031 1506 enim,

427 1534 680 1602 Domine,
723 1550 866 1606 opus
927 1532 1016 1590 est
1077 1533 1275 1591 tantae
1329 1533 1584 1606 Virginis
1647 1536 2033 1606 praeparatio,

427 1632 584 1689 tuum
631 1647 772 1703 opus
815 1631 905 1688 est
946 1631 1225 1689 Gabrielis
1278 1631 1487 1699 missio,
1532 1631 1692 1690 tuum
1743 1648 1887 1704 opus
1946 1634 2035 1690 est

425 1730 672 1802 Spiritus
716 1730 897 1787 sancti
941 1730 1322 1802 superventio‚
1368 1728 1528 1787 tuum
1571 1748 1714 1803 opus
1740 1729 1830 1789 est
1856 1729 2033 1790 Verbi

426 1829 484 1888 et
525 1830 714 1887 carnis
755 1813 907 1886 unio.
952 1829 1173 1886 Talium
1215 1846 1445 1901 operum
1488 1828 1734 1898 tuorum,
1773 1829 2032 1898 Domine,

425 1927 514 1985 est
555 1926 777 1985 fructus
820 1928 946 1996 iste,
990 1929 1122 2000 quia
1164 1928 1231 1985 de
1287 1926 1499 1985 talibus
1542 1928 1824 2000 operibuS,
1865 1932 2033 2001 quasi

424 2028 490 2085 de
518 2026 852 2099 quibusdam
896 2025 1130 2085 floribus
1161 2026 1436 2099 prooessit
1465 2026 1684 2084 fructus
1711 2027 1851 2097 iste3
1882 2030 2033 2087 unde

425 2126 596 2182 etiam
639 2126 698 2181 iu
753 2124 1061 2192 Nazareth,
1104 2125 1249 2197 quod
1305 2125 1721 2197 interpretatur
1750 2124 1841 2200 (3)
1900 2128 2032 2200 flos,

427 2223 564 2281 bene
610 2223 1003 2295 apparuerunt
1042 2222 1209 2281 flores
1264 2224 1379 2281 isti.
1424 2223 1574 2281 Dicit
1622 2224 1768 2282 enim
1828 2225 2031 2283 beatus

422 2322 749 2379 Bernardus
774 2322 898 2395 (4):
941 2322 1061 2379 «In
1092 2322 1381 2380 Nazareth
1420 2321 1724 2381 nuntiatur
1762 2323 2031 2381 Christus

424 2421 765 2488 nascituruS,
809 2421 940 2492 quia
982 2422 1039 2477 in
1085 2420 1221 2479 flore
1264 2420 1527 2493 speratur
1555 2421 1776 2480 fructus
1807 2439 2032 2494 proces-

552 2688 595 2744 Ἰ)
632 2688 805 2734 Paalm.
847 2687 952 2745 103,
992 2687 1066 2733 13.

551 2772 599 2824 23)
640 2768 669 2812 (ἶ-
704 2767 822 2825 legit
855 2769 1187 2814 maritalium.

553 2852 597 2902 :JJ
643 2848 849 2905 Hieron„
885 2850 941 2895 de
974 2849 1108 2895 Nom.
1146 2850 1289 2895 Hebr.
1328 2850 1568 2909 (Matth.).

551 2928 595 2982 *ij
637 2928 806 2975 ilomil.
850 2929 889 2975 l.
927 2942 1065 2989 super
1099 2930 1284 2977 Missus
1317 2936 1389 2977 est
1421 2945 1468 2978 n.
1507 2931 1552 2977 3.

2194 1682 2207 1720 A
