2237 3481
124 2951 243 2968 Ε...-

339 228 374 266 X
974 225 1305 268 PRAEFATIO.

340 414 555 481 Clarae
594 415 802 483 dicere
849 415 1076 483 fratres
1123 416 1280 496 eiuS‚
1325 416 1555 483 fratres
1600 416 1937 483 minores...

344 521 633 588 Dicamus
665 540 815 607 ergo
847 542 966 588 nos
989 520 1282 608 fratres.-
1318 524 1507 588 Soror
1541 530 1754 589 nostra
1785 540 1852 589 es
1879 505 1963 586 »s

517 628 786 694 Tandem
814 629 1020 694 omnia
1046 629 1183 695 eius
1208 629 1440 714 scripta
1475 647 1758 714 magnam
1796 647 1939 714 pro-

336 735 496 800 dunt
526 734 873 802 doctrinam
923 753 1338 821 magnamque
1372 736 1660 821 pietatem
1697 736 1941 821 ipsique

338 841 500 908 inter
530 841 759 908 fratres
795 843 1068 909 minores
1113 843 1209 909 sui
1264 843 1563 928 temporis
1593 850 1655 909 et
1703 843 1940 927 patriae

337 947 541 1013 locum
592 948 936 1033 principem
986 948 1320 1027 vindicant.

517 1055 747 1140 Quodsi
783 1055 904 1121 iam
937 1055 1184 1122 adimus
1215 1055 1453 1122 ordinis
1484 1054 1825 1134 chronica,
1850 1055 1941 1121 fa-

337 1162 454 1228 cile
503 1162 856 1229 invenimus
918 1162 1230 1247 quendam
1296 1162 1375 1230 fr.
1428 1163 1814 1229 Conradum
1862 1163 1941 1229 de

340 1267 761 1346 Brumwz'ck,
796 1269 902 1354 qui
941 1276 1074 1335 tum
1110 1269 1365 1336 scientia
1403 1276 1532 1335 tum
1567 1270 1939 1336 auctoritate

334 1374 502 1441 inter
528 1376 757 1442 fratres
791 1376 1147 1461 provinciae
1180 1377 1485 1443 Saxoniae
1517 1376 1767 1443 saeculo
1794 1376 1938 1442 Xlll.

335 1482 633 1561 eminuit3
684 1500 882 1568 quare
940 1483 1196 1550 minime
1256 1483 1519 1550 levitatis
1573 1500 1938 1568 arguemur,

336 1589 500 1674 quod
538 1589 685 1656 huic
731 1589 806 1655 fr.
843 1589 1125 1656 Conrado
1158 1591 1490 1675 Speculum
1526 1599 1587 1657 et
1620 1606 1940 1657 sermones

334 1695 532 1763 dictos
564 1697 974 1764 attribuimus
1007 1696 1125 1784 (1).
1185 1696 1614 1784 Glassberyer
1646 1696 1830 1782 plura
1861 1695 1939 1763 de

337 1805 471 1890 ipso
490 1804 826 1871 memoriae
855 1804 1123 1871 tradidit.
1139 1804 1220 1870 Ad
1241 1822 1476 1871 annum
1503 1804 1690 1870 1245.
1714 1803 1934 1870 refert:

346 1938 376 1970 α
411 1912 623 1977 Frater
685 1928 939 1996 quoque
996 1910 1361 1990 Gottfridus,
1413 1911 1695 1977 minister
1743 1912 1937 1976 Saxo-

336 2019 494 2097 niae,
544 2035 690 2084 cum
739 2018 918 2084 annis
967 2018 1173 2084 tribus
1219 2025 1281 2083 et
1330 2017 1649 2084 mensibus
1698 2018 1937 2103 aliquot

336 2124 728 2210 praefuisset,
778 2125 837 2189 in
900 2125 1017 2190 hoc
1075 2124 1472 2209 Lugdunensi
1523 2125 1796 2209 capitulo
1843 2130 1938 2191 est

333 2232 680 2309 absolutuS,
715 2238 776 2297 et
814 2231 1009 2298 frater
1047 2230 1401 2298 Coma-dus
1432 2232 1510 2297 de
1544 2230 1935 2316 Brunopoli,

335 2338 727 2405 Hildesiensis
779 2339 990 2419 lector,
1024 2338 1299 2405 vicarius
1344 2346 1439 2405 est
1485 2338 1829 2405 institutus.
1868 2338 1938 2404 Et

335 2444 548 2511 eodem
598 2463 762 2511 anno
811 2445 871 2510 in
921 2445 1195 2531 capitulo
1243 2445 1531 2525 Hallensi‚
1580 2446 1640 2510 in
1706 2445 1937 2511 Nativi-

334 2560 459 2618 tate
509 2551 723 2619 beatae
774 2552 1044 2637 Virginis
1091 2552 1426 2632 celebrate,
1474 2552 1635 2618 idem
1701 2552 1762 2618 in
1822 2551 1936 2617 mi-

461 2739 506 2797 1)
542 2737 716 2785 Peltier
742 2739 960 2797 (Bonam,
986 2738 1137 2797 Opera
1159 2738 1332 2797 omnia,
1356 2740 1471 2785 tom.
1498 2738 1623 2784 XIV.
1649 2752 1758 2797 pag.
1784 2738 1935 2797 XVI.)

331 2819 482 2879 ipsum
516 2819 763 2866 confundit
795 2833 895 2866 cum
928 2818 1024 2866 alio
1057 2819 1117 2865 fr.
1146 2818 1357 2866 Conrado
1378 2819 1434 2865 de
1457 2817 1678 2876 Samnio„
1699 2817 1784 2892 ,qui
1813 2832 1937 2865 anno

336 2900 473 2946 1284.
516 2917 538 2942 α
560 2899 696 2946 iuxta¹
729 2901 910 2946 montes
945 2898 1136 2958 Caspios
1158 2916 1181 2942 »
1221 2901 1401 2957 martyr
1434 2898 1666 2947 occubuit.

244 2967 347 3032 Ἦ

387 3215 515 3351 ἐ.
