2237 3481
369 235 483 294 158
872 252 1163 294 SPECULUM
1205 253 1255 293 B.
1298 254 1359 294 M.
1403 254 1459 295 v.

364 447 629 514 animam,
658 442 988 517 corrumpit.
1016 443 1180 502 Heu!
1210 443 1425 516 quanta
1467 444 1630 502 nobis
1670 443 1822 501 mala
1863 443 1972 501 hu-

363 543 603 631 iusmodi
643 542 900 611 malefici,
943 541 1160 615 quanta
1199 542 1362 600 nobis
1403 541 1555 599 mala
1583 540 1822 614 spiritus
1850 559 1972 600 ma-

364 643 507 716 ligni
567 640 813 700 faciunt!
875 638 1238 710 Per-fodiunt
1294 657 1536 713 namque
1598 641 1663 698 in
1718 640 1970 699 tenebris

363 741 737 814 ignorantiae,
801 740 861 797 in
923 738 1172 797 tenebris
1234 737 1599 797 obscuritatis
1663 738 1972 798 interiores

366 840 569 898 domos
629 836 899 897 mentium
962 836 1308 907 nostrarum,
1372 837 1565 896 domos
1624 835 1837 910 utique,
1899 838 1971 895 de

365 937 569 1011 quibus
610 938 668 995 in
709 935 937 995 Psalmo
961 934 1050 1010 (1)
1094 936 1327 993 dicitur:
1370 936 1534 994 Deus
1589 936 1656 993 in
1697 935 1970 994 domibus

364 1037 488 1094 eius
528 1038 917 1109 coquos-cetur.
960 1033 1295 1093 Perfodiunt
1348 1033 1497 1092 certe
1552 1032 1972 1092 tentationibus

367 1132 728 1206 perforativis
769 1132 960 1191 domos
1000 1132 1151 1205 inas,
1193 1134 1251 1189 in
1307 1132 1510 1206 quibus
1571 1132 1668 1190 ille
1719 1131 1972 1190 libenter

363 1232 608 1301 habitat,
651 1233 747 1306 qui
789 1232 922 1289 dicit
945 1230 1148 1289 'Lucae
1188 1231 1398 1290 decimo
1439 1247 1586 1290 nono
1609 1231 1732 1305 (2):
1770 1230 1973 1289 Hodie

364 1332 432 1388 in
472 1318 640 1387 domo
704 1333 809 1387 tua
857 1332 1082 1402 oportet
1121 1345 1208 1387 me
1247 1345 1497 1387 manere.
1539 1328 1820 1388 Perfossis
1870 1346 1969 1387 au-

369 1428 482 1486 tem
524 1428 797 1497 domibus
840 1427 1142 1500 perforatis
1184 1444 1359 1500 usque
1400 1427 1473 1485 ad
1515 1427 1790 1485 infelicem
1832 1443 1969 1499 pec—

369 1527 481 1585 cati
522 1542 853 1586 consensum
896 1525 1197 1595 mentibuS,
1240 1524 1378 1583 heu!
1425 1525 1643 1598 quanta
1668 1525 1821 1583 mala
1849 1543 1969 1583 ma-

363 1625 510 1684 lefici
550 1625 648 1683 isti
705 1625 1018 1698 occidendo,
1080 1624 1339 1694 furando,
1395 1624 1767 1682 adulterando
1822 1640 1971 1683 com-

368 1723 606 1783 mittunt
644 1724 703 1782 in
764 1723 1078 1782 animabus,
1121 1722 1212 1780 Ad
1272 1722 1558 1781 evadenda
1622 1738 1756 1797 ergo
1799 1722 1973 1781 tanta

367 1822 616 1895 pericula
675 1822 893 1880 utinam
951 1821 1111 1880 nobis
1136 1821 1225 1896 (3)
1267 1838 1474 1880 aurora
1513 1820 1809 1894 appareat,
1852 1822 1973 1878 uti-

368 1938 497 1979 nam
543 1921 703 1981 nobis
745 1922 928 1979 Maria
976 1922 1302 1978 succurrat!
1336 1919 1404 1979 Si
1443 1921 1590 1978 enim
1631 1920 1822 1978 subito
1867 1937 1971 1993 ap-

357 2021 635 2094 paruerit
674 2037 917 2094 aurora,
959 2021 1008 2077 si
1048 2020 1159 2078 cito
1200 2019 1362 2078 nobis
1402 2019 1696 2077 advenerit
1738 2019 1796 2077 et
1837 2019 1971 2076 sub-

368 2120 586 2178 venerit
619 2120 831 2178 Mariae
860 2119 1256 2189 misericordia,
1286 2119 1656 2176 arbitrcmtur
1694 2118 1974 2176 umbram

366 2220 595 2292 mortis',
637 2219 694 2276 id
748 2218 854 2288 est,
897 2218 978 2277 sic
1033 2217 1237 2276 timent
1296 2217 1612 2286 daemone8‚
1656 2218 1737 2275 sic
1798 2216 1975 2289 trepi-

368 2317 534 2385 dant,
600 2319 679 2375 sic
739 2316 996 2389 fugiunt,
1059 2316 1208 2374 sicut
1266 2315 1518 2374 homines
1577 2315 1785 2373 timent
1845 2332 1976 2373 um—

369 2416 527 2474 bram
559 2416 777 2474 mortis
806 2415 1050 2489 Propter
1090 2415 1195 2474 hoc
1240 2415 1377 2473 bene
1411 2414 1612 2472 beatus
1640 2414 1974 2472 Bernartius

367 2515 480 2573 ait:
533 2536 563 2565 α
591 2513 721 2573 Νοῐι
766 2516 845 2572 sic
886 2515 1090 2573 timent
1151 2514 1343 2573 hostes
1398 2512 1709 2586 quamlibet
1757 2513 1975 2572 castro-

367 2631 493 2671 rum
536 2612 953 2672 multitudinem
1008 2614 1309 2687 copiosam,
1352 2611 1499 2670 sicut
1558 2628 1754 2671 aereae
1817 2612 1975 2685 pote-

498 2847 543 2906 1)
578 2847 752 2893 Psalm.
787 2845 867 2905 47,
901 2846 949 2893 4.
1246 2825 1250 2831 ’
1661 2844 1711 2904 2)
1747 2843 1884 2891 Vera.
1919 2844 1969 2892 5.

493 2928 541 2986 3)
577 2927 615 2972 Β
648 2926 897 2974 continuat
930 2927 1126 2973 Mariae
1154 2926 1331 2986 qratia
1361 2930 1644 2973 succurrat.
