2237 3481
342 3115 345 3124 μ

342 3155 361 3174 2-

366 3177 373 3184 .

326 3177 397 3328 Ιω.

442 3329 453 3338 ι,

340 262 341 265 =
387 228 422 285 8
894 245 1188 287 SPECULUM
1228 245 1281 286 B.
1322 245 1385 286 M.
1427 247 1481 285 v.

385 435 679 508 audiendi,
733 435 875 493 aude:
905 434 994 509 (1)
1037 436 1095 494 et
1148 438 1206 493 in
1266 437 1541 509 principio
1582 436 1985 495 audiendorum

383 535 513 592 audi
532 534 843 593 inauditam
866 534 1012 593 hanc
1034 535 1459 594 salutationem:
1484 533 1623 607 Ave,
1640 534 1854 593 Maria
1875 535 1983 594 etc.

383 615 504 691 Hoc
544 649 744 691 nomen
785 632 997 691 Maria
1058 650 1171 691 non
1222 651 1255 691 a
1313 633 1588 702 Gabriele,
1633 634 1728 691 sed
1779 651 1814 691 a
1856 633 1986 692 fide-

381 731 520 789 lium
562 730 852 790 devotione
895 749 959 789 ex
1001 731 1248 804 Spiritus
1290 732 1470 789 sancti
1499 716 1869 803 inspiratione
1905 735 1985 790 in·

384 829 721 901 terpositum
775 828 880 887 est.
937 829 1152 887 Ultima
1202 846 1416 903 quoque
1466 830 1738 899 clausula,
1791 830 1986 887 videli-

382 926 500 985 cet:
549 927 872 986 benedictus
911 925 1144 996 fructus
1203 928 1420 985 ventris
1484 929 1589 1000 tui,
1634 944 1745 986 non
1795 945 1829 985 a
1880 927 1984 985 Ga-

382 1025 554 1084 briele
596 1025 883 1083 salutante
924 1025 1091 1093 edita,
1138 1027 1233 1083 sed
1275 1025 1348 1083 ab
1409 1025 1702 1084 Elisabeth
1747 1026 1984 1099 prophe·

381 1124 542 1182 tante
583 1125 776 1182 addita
818 1125 922 1182 est.
967 1125 1231 1182 Dicamus
1273 1142 1406 1198 ergo
1459 1126 1687 1198 singuli,
1730 1125 1983 1183 dicamus

381 1222 737 1281 devotissime
799 1223 1077 1280 universi:
1136 1222 1279 1295 Ave,
1322 1223 1534 1281 Maria
1576 1225 1681 1282 etc.
1744 1222 1790 1282 Ο
1852 1241 1983 1282 vere

379 1321 634 1393 gratiosa
676 1322 734 1378 et
776 1320 1130 1390 venerabili8‚
1175 1338 1205 1380 o
1249 1338 1375 1378 vere
1415 1322 1665 1394 gloriosa
1706 1321 1764 1378 et
1804 1322 1986 1380 admi-

381 1419 579 1477 rabilis
608 1418 907 1479 salutatio!
950 1442 977 1471 ‹<
1000 1420 1154 1478 Haec
1183 1419 1472 1488 salutatio,
1502 1420 1568 1478 ut
1589 1420 1672 1477 ait
1699 1420 1851 1478 Beda
1870 1420 1982 1495 (2),

382 1517 595 1590 quanto
636 1518 916 1576 humanae
946 1518 1336 1577 consuetudini
1364 1519 1638 1586 inaudita,
1670 1517 1832 1577 tanto
1861 1517 1985 1575 Ma-

383 1618 500 1675 riae
551 1616 817 1690 dignitati
882 1618 970 1674 est
1010 1633 1260 1690 congrua
1282 1640 1338 1673 ».
1381 1617 1450 1674 In
1493 1616 1600 1675 hac
1655 1617 1981 1674 dulcissima

387 1715 731 1775 salutatione
772 1717 1016 1789 quinque
1059 1716 1413 1775 dulcissimae
1477 1714 1791 1774 sententiae
1832 1716 1984 1775 ordi-

380 1815 612 1887 nantur,
655 1816 712 1872 in
755 1815 959 1888 quibus
1002 1816 1247 1888 quinque
1298 1816 1652 1873 dulcissimae
1712 1831 1985 1873 commen·

381 1912 636 1973 dationes
699 1916 815 1972 sive
876 1914 1072 1971 laudes
1128 1914 1481 1972 dulcissimae
1538 1914 1791 1986 Virginis
1853 1915 1985 1971 insi-

380 2012 652 2070 nuantur.
715 2010 761 2070 Ο
813 1997 942 2070 vere
997 2012 1178 2070 dulcis
1241 2012 1575 2071 insinuatio!
1640 2012 1981 2070 Insinuatur

386 2128 628 2184 namque
669 2112 755 2168 in'
791 2111 898 2180 his,
943 2128 1110 2183 quam
1164 2111 1517 2184 purissima,
1559 2128 1730 2184 quam
1763 2111 1984 2183 plenis-

379 2210 551 2282 sima,
575 2226 743 2281 quam
768 2209 1063 2267 tutissima
1087 2209 1199 2284 (3),
1222 2225 1389 2282 quam
1414 2208 1779 2283 diynissima,
1810 2226 1980 2281 quam

379 2306 699 2365 utilissima
739 2307 912 2365 fuerit
951 2307 1128 2380 Virgo
1171 2306 1337 2365 beata
1388 2307 1602 2364 Maria:
1637 2308 1984 2381 purissima,

379 2406 631 2477 inquam,
695 2405 929 2478 propter
968 2407 1167 2478 culpae
1228 2404 1576 2474 carentiam3
1608 2405 1984 2478 plenissima,

382 2503 615 2577 propter
668 2504 890 2578 gratiae
951 2504 1335 2575 affluentiam3
1380 2504 1695 2577 tutissima,
1749 2505 1986 2577 propter

508 2756 553 2815 1)
590 2756 767 2803 Matth.
808 2756 881 2813 11,
921 2755 997 2801 15.

504 2839 553 2899 2)
589 2836 762 2884 Homil.
797 2837 855 2883 de
887 2836 1099 2882 Annunt.
1136 2836 1191 2881 B.
1228 2836 1293 2882 M.
1330 2836 1387 2882 V.
1422 2838 1531 2894 post
1561 2835 1769 2883 initium.
1805 2901 1806 2906 1

506 2919 555 2977 3)
590 2917 679 2964 Hie
711 2919 760 2964 et
792 2916 920 2963 infra
952 2930 1037 2975 pro
1073 2916 1323 2963 tutissima
1355 2917 1393 2962 Β
1427 2916 1546 2974 legit
1579 2918 1859 2965 carissima.

1496 3031 1500 3036 ,
1559 2973 1568 3032 l
