2237 3481
411 268 447 325 6
919 286 1210 328 SPECULUM
1253 288 1304 327 B.
1346 288 1408 329 M.
1451 288 1508 331 v.

412 477 527 535 Deo
568 477 899 550 gratissima
926 477 1179 546 obtulit,
1230 495 1341 537 non
1406 479 1640 550 propter
1701 478 1834 537 hoc‘
1867 479 2006 536 nihil

411 575 609 633 offerre
652 576 860 645 debuit,
904 577 1035 649 quia
1077 594 1285 650 magna
1348 593 1460 634 non
1503 578 1686 635 valuit
1710 576 1820 651 (1).
1862 578 2007 635 Hinc

407 672 513 741 est,
557 674 702 747 quod
744 690 845 747 ego
888 691 1103 746 pauper
1144 675 1385 748 ingeni0‚
1415 676 1583 733 immo
1614 676 2007 747 pauperrimus

409 772 526 828 tam
572 773 804 829 scientia
846 789 1014 844 quam
1067 773 1404 845 eloquentia,
1448 773 1552 831 hoc
1612 774 1874 846 exiguum
1918 773 2004 831 do-

409 886 563 938 num,
605 869 710 928 hoc
752 871 1089 942 paupercule
1134 872 1408 943 scriptum
1460 871 1531 928 ad
1573 870 1842 930 honorem
1886 871 2005 928 tan·

416 968 507 1025 tae
562 970 789 1041 reginae
851 968 1048 1026 offerre
1113 970 1445 1040 praesumsi,
1488 969 1556 1026 ut
1610 971 1669 1027 in
1712 971 1835 1042 ipso
1879 969 2038 1027 tan-'

410 1083 580 1138 quam
641 1068 699 1124 in
763 1068 1000 1141 quodam
1058 1058 1292 1126 obscuro
1349 1067 1574 1139 speculo
1636 1069 2004 1140 simpliciores

410 1166 655 1222 eiusdem
700 1167 926 1237 reginae
967 1166 1269 1234 amatoreS,
1312 1166 1498 1238 qualis
1540 1165 1597 1223 et
1638 1167 1854 1238 quanta
1912 1168 2004 1237 sit,

409 1263 609 1321 saltem
653 1263 899 1321 tenuiter
942 1264 1320 1335 speculentur.
1380 1264 1457 1321 Et
1517 1265 1649 1337 quia
1690 1265 1832 1322 idem
1879 1267 2011 1323 scri·

409 1361 571 1433 ptum
613 1363 800 1419 instar
843 1363 998 1420 rudis
1039 1364 1251 1435 speculi
1293 1363 1650 1435 aliquantum
1681 1381 2005 1435 repraesen-

409 1460 653 1517 tativum
694 1461 782 1519 est
840 1445 990 1519 vitae
1032 1461 1090 1518 et
1150 1460 1370 1534 gratiae
1413 1462 1471 1519 et
1510 1462 1726 1534 gloriae
1768 1461 2001 1531 Mariae,

405 1558 525 1616 ideo
567 1575 679 1617 non
721 1560 1177 1618 inconvenienter
1240 1560 1519 1632 appellari
1585 1559 1775 1632 potest
1815 1577 2012 1634 specu·

409 1656 530 1715 lum
572 1657 833 1715 Mariae.

566 1757 671 1814 Eia
713 1774 864 1830 ergo,
908 1757 1314 1829 benignissima
1357 1757 1581 1815 domina
1636 1774 1761 1816 mea
1801 1758 2009 1826 Maria,

407 1855 670 1928 exiguum
715 1872 936 1923 munuS,
981 1856 1127 1928 quod
1183 1854 1284 1913 dat
1346 1855 1448 1912 tibi
1507 1872 1721 1928 pauper
1774 1858 2012 1925 amicuS‚

407 1953 645 2026 accipito
689 1954 922 2026 placide.
965 1954 1040 2012 Te
1082 1956 1228 2011 enim
1271 1959 1394 2011 cum
1438 1954 1541 2012 hoc
1572 1955 1922 2022 munusculo,
1954 1954 2015 2012 te

409 2069 533 2109 cum
598 2052 704 2110 hoc
764 2054 1032 2124 opusculo
1089 2053 1453 2110 salutationis
1505 2053 1637 2111 tuae
1702 2052 1909 2120 saluto,
1955 2053 2014 2110 te

406 2150 645 2223 genibus
695 2150 870 2219 flexiS‚
915 2151 970 2208 te
1026 2151 1210 2223 capite
1272 2149 1559 2219 inclinato,
1617 2150 1673 2207 te
1734 2150 1898 2209 corde
1953 2151 2015 2208 et

409 2266 503 2307 ore
545 2248 734 2307 saluto
777 2249 1147 2321 salutansque
1190 2248 1339 2306 dico:
1381 2247 1525 2321 Ave,
1568 2248 1781 2306 Maria
1821 2248 1926 2306 etc.

536 2479 581 2538 1)
616 2478 848 2525 Vaticana
890 2478 1136 2536 adiungit:
1181 2480 1327 2524 immo
1370 2480 1614 2536 offerendo
1658 2479 1787 2538 quod
1819 2479 2018 2537 potuit,

406 2574 595 2605 mammo
628 2560 729 2605 Deo
755 2560 973 2618 placuit.
