2237 3481
394 254 473 313 64
902 270 1194 314 SPECULUM
1234 271 1285 312 B.
1328 271 1390 312 11.
1436 272 1492 314 v.

391 465 575 520 mecta
603 459 712 537 (1).
755 461 832 519 Et
860 478 989 519 vere
1016 460 1278 519 humecta
1306 477 1407 533 per
1445 460 1690 534 gratiam
1736 460 1846 518 fuit
1873 460 1996 519 tota

390 560 512 618 vita
555 560 786 628 Mariae,
829 576 971 633 quae
1012 560 1068 616 in
1128 559 1360 618 humore
1401 559 1622 632 gratiae
1684 559 1863 616 crevit
1922 559 1995 616 ab

390 659 552 717 utero
594 659 797 717 matris
839 674 994 715 suae.
1037 656 1179 726 Quid
1225 659 1446 726 mirum,
1490 658 1538 714 si
1563 657 1746 714 Maria
1786 658 1846 714 in
1886 657 1997 715 hu·

392 775 542 817 more
591 758 812 830 gratiae
874 755 1108 824 crescat,
1151 773 1274 814 eum
1320 757 1438 813 sine.
1499 756 1732 813 humore
1772 756 1993 829 gratiae

338 854 345 863 ²
389 873 552 914 omne
596 873 781 913 semen
813 856 1076 913 arescat?
1104 854 1263 912 Unde
1305 854 1370 912 de
1413 856 1620 912 semine
1647 854 1853 912 dicitur
1881 855 1997 912 Lu-

112 3011 323 3148 Ἃ

390 972 486 1013 eae
529 955 725 1013 octavo
751 954 872 1027 (2):
916 955 1150 1013 Natum
1189 954 1366 1026 aruit,
1398 954 1540 1025 quia
1581 970 1702 1010 non
1745 953 1995 1012 habebat

392 1052 706 1110 humorem.
749 1052 909 1109 Rami
952 1051 1121 1108 huius
1164 1051 1401 1119 arboris,
1442 1051 1600 1108 rami
1642 1051 1883 1109 honoris
1940 1054 1994 1109 et

386 1152 636 1225 manae,
682 1150 818 1207 sunt
860 1149 1102 1207 virtutes
1146 1149 1204 1207 et
1246 1150 1464 1217 merita,
1509 1150 1762 1221 exempla
1804 1151 1862 1207 et
1903 1150 1994 1208 be-

387 1248 586 1306 neficia
628 1248 824 1305 beatae
866 1248 1097 1307 Mariae.
1156 1248 1324 1305 Multi
1366 1249 1511 1304 enim
1570 1249 1711 1304 rami
1777 1248 1992 1306 multae

386 1349 505 1405 eius
546 1347 765 1418 gratiae
809 1347 945 1404 sunt
985 1345 1042 1404 et
1082 1346 1303 1413 merita,
1334 1346 1545 1403 multae
1589 1347 1707 1403 eius
1745 1346 1992 1405 virtutes
2061 1403 2072 1411 ,

384 1447 442 1502 et
484 1446 755 1517 exempla,
786 1445 1009 1511 multae
1028 1447 1149 1502 eius
1179 1445 1586 1502 misericordiae
1616 1446 1672 1502 et
1701 1445 1986 1503 beneficia.

384 1545 453 1602 In
498 1544 589 1601 his
630 1545 805 1601 ramis
864 1544 1106 1602 libenter
1171 1543 1453 1611 habitant,
1496 1545 1553 1600 in
1616 1543 1706 1601 his
1746 1543 1991 1602 libenter

382 1641 626 1699 iubilant
668 1642 936 1699 caelestes
975 1642 1247 1707 aviculae,
1278 1641 1332 1698 id
1375 1641 1463 1698 est
1490 1642 1709 1698 animae
1739 1642 1990 1711 sanetae,

385 1740 451 1798 ut
491 1740 557 1798 de
600 1742 739 1813 ipsis
781 1740 948 1798 etiam
993 1739 1098 1798 dici
1143 1739 1324 1823 possit
1364 1740 1502 1798 illud
1541 1740 1794 1798 Danielis
1822 1759 1990 1814 quar-

383 1840 443 1897 to
475 1840 595 1912 (3):
642 1840 719 1896 In
775 1840 961 1896 ramis
1022 1840 1145 1897 eius
1186 1840 1683 1897 conversabantur
1722 1840 1990 1898 volucres

381 1936 546 1994 caeli.
588 1937 633 1995 Ο
676 1955 843 2009 quam
886 1937 1020 2008 late,
1064 1955 1231 2010 quam
1295 1937 1461 2009 longe
1518 1937 1575 1994 et
1636 1937 1752 1995 alte
1815 1938 1988 1997 arbor

380 2037 480 2093 illa
524 2053 748 2108 magna,
792 2035 957 2092 beata
999 2035 1175 2107 Virgo
1230 2035 1429 2103 Maria,
1476 2051 1662 2093 ramos
1725 2052 1857 2094 31103
1899 2054 1989 2093 ex-

381 2134 596 2191 tendit!
639 2132 817 2202 Quam
875 2134 990 2190 late
1030 2133 1101 2190 ad
1165 2133 1436 2201 homineS‚
1480 2151 1646 2206 quam
1704 2135 1870 2207 longe
1912 2135 1988 2192 ad

379 2232 632 2304 angeIOS‚
661 2249 828 2304 quam
859 2231 974 2288 alte
1017 2231 1085 2287 ad
1117 2231 1329 2288 Deum!
1369 2230 1651 2300 Quomodo
1679 2232 1867 2289 autem
1911 2233 1988 2290 ad

378 2329 482 2388 hos
517 2311 716 2388 ⁸omnes
758 2330 1009 2387 extendit
1071 2346 1259 2387 1311103
1312 2331 1628 2403 gratiarum
1674 2331 1733 2388 et
1774 2332 1988 2389 miseri·

377 2429 694 2487 cordiarum
738 2445 966 2485 suarum
1012 2427 1212 2485 beatus
1254 2428 1579 2486 Bernardus
1620 2430 1867 2500 exponit,
1899 2429 1989 2488 di-

377 2544 508 2585 cens
538 2528 659 2602 (4):
714 2549 742 2578 ‹<
769 2527 952 2584 Maria
1007 2526 1265 2585 omnibus
1328 2528 1513 2584 sinum
1570 2527 1987 2587 misericordiae

504 2776 548 2835 1)
585 2776 685 2822 Sec.
721 2773 913 2821 Hieron.
950 2774 1005 2820 de
1039 2775 1174 2821 Nom.
1212 2775 1375 2832 Hebr„
1422 2776 1477 2822 de
1510 2774 1695 2822 Genesi.

499 2856 549 2916 2)
588 2857 720 2902 Vers.
762 2855 834 2900 13.
1672 2856 1719 2915 3)
1756 2855 1892 2903 Vers.
1930 2858 1979 2903 9.

498 2936 547 2994 4)
583 2935 729 2982 Serm.
764 2935 820 2980 de
852 2933 1035 2982 Domin.
1069 2935 1197 2982 infra
1221 2936 1324 2983 Oct.
1350 2936 1559 2983 Assumt.
1585 2937 1639 2983 Β.
1667 2936 1731 2982 Μ.
1759 2936 1816 2982 V.
1852 2950 1903 2984 n.
1929 2938 1980 2985 2.

337 3231 557 3381 h„
