2237 3481
842 279 1042 322 morlo
1083 281 1202 323 xlv.
1706 262 1821 322 207

213 469 521 542 requiescit
560 470 625 527 in
667 469 845 527 caelo,
888 470 1138 543 Uterque
1180 471 1328 528 enim
1369 469 1524 528 locus
1566 469 1827 543 dignissi-

213 584 347 625 mus
389 566 494 636 est,
540 567 689 626 sicut
730 567 894 640 patet
934 585 1034 640 per
1076 567 1306 626 beatum
1347 567 1699 626 Bernardum
1733 566 1822 641 (1)

213 665 493 723 dicentem
537 667 647 724 sic:
703 688 733 718 α
760 666 881 724 Nec
919 667 978 723 in
1021 666 1229 724 mundo
1271 666 1428 724 locus
1468 665 1690 738 dignior
1719 667 1828 722 vir-

214 763 429 836 ginalis
472 763 621 822 uteri
663 763 895 836 templo,
938 765 996 821 in
1053 780 1164 836 quo
1218 763 1426 821 Filium
1489 763 1593 821 Dei
1642 763 1827 822 Maria

217 861 486 933 suscepit,
529 878 630 919 nec
670 862 729 918 in
757 862 927 919 caelis
957 862 1133 935 regali
1165 862 1322 929 solio,
1358 863 1415 918 in
1447 878 1556 934 quo
1584 861 1824 919 Mariam

216 958 400 1016 Filius
440 959 654 1017 Mariae
717 958 1049 1019 sublimavit
1074 982 1134 1015 ».
1193 958 1497 1017 Benedicta
1551 975 1685 1033 ergo
1739 958 1829 1017 est

216 1056 402 1117 Maria
466 1055 702 1129 propter
755 1057 998 1129 gloriam
1061 1072 1241 1125 suam,
1298 1056 1591 1114 benedicta
1632 1055 1826 1130 utique

218 1153 456 1227 propter
511 1155 754 1227 gloriam
797 1171 958 1212 suam
998 1153 1500 1227 sublimissimam,
1557 1155 1829 1226 copiosis·

215 1253 450 1324 simam,
493 1252 973 1322 stabilissimam;
1031 1251 1341 1320 benedicta,
1398 1252 1537 1320 dico,
1593 1253 1828 1325 propter

215 1351 460 1424 gloriam
502 1366 679 1408 suam.
706 1349 1166 1407 sublimissimam
1209 1349 1507 1423 dignitate,
1537 1349 1828 1408 benedicta

217 1448 455 1521 propter
489 1449 727 1522 gloriam
762 1464 923 1505 suam
952 1448 1397 1519 copiosissimam
1425 1448 1825 1516 immensitate,

214 1546 511 1604 benedicta
569 1546 805 1619 propter
865 1547 1105 1620 gloriam
1172 1563 1330 1604 suam
1397 1546 1823 1604 stabilissimam

219 1643 624 1717 perpetuitate.
666 1640 746 1686 -’-
788 1644 942 1712 Dico,
986 1645 1282 1712 carissimi,
1326 1644 1473 1716 quod
1535 1643 1826 1701 benedicta

219 1743 310 1802 est
350 1743 534 1800 Maria
566 1744 798 1816 propter
827 1744 1065 1816 gloriam
1099 1761 1259 1801 suam
1288 1743 1828 1801 excellentissimam

216 1842 528 1915 diynitate.
571 1841 653 1898 De
695 1841 802 1898 hac
841 1842 986 1898 enim
1020 1841 1400 1899 benedictione
1436 1841 1610 1912 accipi
1640 1840 1830 1913 potest

218 1939 453 1997 verbum
508 1938 723 1996 Psalmi
756 1940 846 2013 (2)
903 1939 1173 1997 dicentis:
1216 1937 1527 1997 Benediees
1582 1954 1829 1996 coronae

216 2038 366 2094 anni
408 2038 787 2110 beniynitatis
852 2039 1002 2094 tuae.
1066 2037 1239 2104 Nota,
1284 2036 1430 2110 quod
1494 2036 1583 2094 est
1643 2053 1830 2094 annus

210 2135 724 2207 aequanimitatis,
767 2152 952 2191 annus
990 2136 1315 2192 severitatis
1357 2134 1415 2191 et
1442 2150 1627 2208 annus
1671 2135 1831 2191 beni-

210 2232 488 2305 gnitatis.
551 2231 779 2289 Primus
834 2237 922 2290 est
985 2249 1171 2289 annus
1233 2232 1603 2289 militantium
1637 2231 1725 2305 (3)
1770 2233 1828 2288 in

214 2329 446 2398 munde,
492 2330 769 2387 secundus
831 2330 1164 2387 eiulautium
1222 2331 1279 2386 in
1335 2329 1572 2398 inferno,
1625 2329 1830 2387 tertius

215 2428 630 2487 exsultantium
674 2430 729 2485 in
773 2429 943 2487 caelo,
997 2428 1224 2485 Primus
1264 2445 1450 2485 annus
1497 2427 1670 2485 habet
1710 2427 1829 2485 dies

214 2527 275 2586 et
317 2529 530 2593 noctes,
587 2527 864 2585 secundus
920 2526 1094 2584 habet
1149 2527 1342 2585 noctes
1397 2528 1455 2584 et
1516 2526 1639 2584 non'
1691 2526 1827 2594 dies

349 2696 395 2755 1)
431 2695 577 2742 Serm.
618 2695 660 2741 1.
697 2693 748 2741 in
782 2694 992 2741 Assumt.
1028 2694 1085 2741 Β.
1122 2694 1188 2741 Μ.
1224 2694 1280 2740 V.
1319 2708 1368 2739 n.
1405 2693 1451 2739 3.

342 2775 394 2835 2)
430 2776 605 2821 Psalm.
645 2774 724 2833 64,
768 2774 838 2820 12.

345 2856 395 2915 3)
429 2855 507 2901 Ita
539 2856 784 2913 legendum
818 2855 1006 2902 videtur
1028 2869 1130 2903 cum
1154 2855 1270 2903 edit.
1296 2854 1500 2910 Peltier;
1526 2853 1760 2901 Vaticana
1781 2855 1832 2900 et

217 2936 403 2985 codices
436 2936 617 2983 habent
650 2937 1028 2983 exsultantium.
