2237 3481
286 2948 327 3009 [ἦ

329 3084 527 3368 Β

440 266 555 326 146
944 286 1235 329 SPECULUM
1277 288 1329 328 B.
1371 287 1431 328 u.
1478 288 1533 329 v.

438 477 781 537 sanctificari
841 495 956 537 non
1017 479 1223 552 potuit,
1265 480 1529 553 quoniam
1589 496 1704 539 non
1746 481 1890 549 erat,
1944 482 2040 540 sed

436 593 538 635 nec
576 578 637 635 in
679 578 803 650 ipso
842 577 1116 650 conceptu
1158 578 1392 651 propter
1420 578 1728 651 peccatum,
1755 577 1904 651 qu‘od
1930 579 2042 638 ine·

435 674 562 746 rat3
604 675 806 744 restat,
849 675 916 733 ut
957 675 1088 748 post
1128 676 1459 749 conceptum
1502 677 1561 735 in
1602 676 1764 736 utero
1791 678 1906 734 iam
1935 680 2044 736 exi-

434 772 594 832 stens
655 773 1159 833 sanctificationem
1221 776 1501 847 accepisse
1561 774 1844 844 credatur,
1898 792 2042 849 quae

432 873 657 932 excluso
698 873 942 946 peccato,
985 874 1242 932 sanctam
1282 873 1478 933 fecerit
1505 873 1898 943 nativitatem,¹
1927 891 2043 935 non

432 971 621 1030 tamen
665 972 1079 1044 conceptionem
1102 995 1161 1029 ».

592 1069 841 1128 Secundo
881 1069 1178 1140 attendite,
1220 1072 1516 1140 carissimi,
1573 1070 1720 1144 quod
1762 1072 2042 1145 quaedam

332 1183 340 1191 ·
433 1168 566 1227 felix
606 1184 812 1226 aurora
854 1169 943 1227 est
983 1169 1166 1227 Maria
1209 1170 1442 1243 propter
1482 1169 1697 1228 felicem
1738 1171 1860 1228 eius
1891 1187 2042 1243 pro-

427 1266 785 1340 messionem
820 1267 883 1323 in
927 1267 1050 1325 lucc
1088 1268 1335 1341 qratiam,
1366 1267 1524 1325 iuxta
1552 1267 1693 1325 illud
1716 1265 1840 1342 (1):
1880 1268 2042 1343 Quae

431 1367 516 1422 est
540 1364 681 1438 ista,
711 1380 860 1437 quae
894 1365 1275 1439 proyreditur
1318 1366 1492 1439 quasi
1531 1383 1757 1424 aurora
1797 1382 2038 1425 consur-

430 1479 575 1537 9ens
604 1463 754 1522 etc?
781 1463 936 1523 Sicut
965 1465 1112 1522 enim
1141 1464 1239 1521 lux
1266 1481 1504 1525 aurorae
1534 1464 1902 1538 progreditur
1930 1482 2041 1524 cre-

431 1561 633 1621 scendo
658 1563 718 1620 in
745 1562 1026 1632 claritate,
1058 1564 1138 1622 sic
1164 1563 1348 1621 Maria
1378 1561 1845 1636 progrediebatur
1874 1563 2040 1636 profi-

429 1661 622 1720 ciendo
660 1662 720 1719 in
762 1661 1025 1719 claritate
1050 1662 1273 1734 gratiae
1302 1662 1358 1720 et
1388 1661 1564 1720 bonae
1593 1661 1761 1719 vitae.
1793 1661 2038 1735 Progre-

431 1761 690 1819 diebatur
730 1761 923 1844 utique
963 1761 1302 1834 proficiendo
1344 1763 1403 1819 in
1438 1762 1697 1820 omnibus
1725 1760 2042 1820 virtutibus

430 1858 858 1932 universaliter,
902 1860 968 1917 ut
1007 1860 1066 1917 in
1108 1861 1260 1919 omni
1283 1860 1373 1935 (2)
1430 1859 1710 1918 virtutum
1771 1859 2041 1918 claritate

430 1958 581 2017 esset
620 1958 795 2030 quasi
834 1975 1059 2017 aurora
1101 1975 1457 2032 consumens
1483 1958 1635 2031 apud
1674 1974 1751 2028 se,
1770 1958 2041 2030 pulchra

428 2060 498 2115 ut
539 2055 685 2114 luna
724 2056 877 2129 apud
904 2058 1206 2130 proximos,
1234 2056 1414 2115 electa
1439 2059 1508 2115 ut
1533 2056 1624 2115 sol
1649 2056 1802 2129 apud
1832 2057 2036 2116 Deum.

428 2155 904 2228 Progrediebatur
944 2172 1164 2229 quoque
1209 2155 1547 2229 proficiendo
1596 2157 1655 2213 in
1697 2155 2040 2228 quibusdam

428 2252 743 2313 virtutibus
779 2254 1129 2327 specialiter,
1172 2254 1239 2313 de
1280 2254 1486 2327 quibus
1550 2253 1751 2312 beatus
1791 2254 2038 2313 Bernar-

430 2352 536 2410 dus
560 2352 649 2427 (3)
693 2354 773 2411 sic
818 2352 936 2410 ait:
994 2375 1023 2404 «
1050 2352 1331 2411 Fervebat
1371 2353 1430 2409 in
1480 2352 1800 2425 quaerenda
1842 2353 2039 2427 gratia

430 2449 644 2508 Mariae
682 2452 912 2520 caritaS‚
954 2451 1289 2524 splendebat
1316 2452 1373 2508 in
1403 2468 1571 2509 carne
1610 2450 1940 2524 virginitas,
1980 2453 2036 2509 in

429 2547 693 2622 obsequio
753 2548 1049 2607 humilitas
1111 2549 1479 2607 eminebat».
1548 2549 1768 2607 Harum
1840 2550 2037 2623 itaque

431 2647 711 2705 virtutum
750 2647 1014 2707 claritate
1054 2649 1240 2707 Maria
1278 2645 1390 2706 fuit
1430 2648 1604 2721 quasi
1631 2664 1859 2706 aurora
1901 2665 2041 2709 con-

557 2880 603 2940 1)
638 2880 778 2928 Cant.
813 2880 861 2938 6,
895 2881 944 2928 9.
1631 2879 1681 2939 2)
1717 2878 1758 2926 A
1789 2881 2032 2927 omnium.

556 2961 605 3021 8)
638 2961 785 3009 Serm.
820 2960 872 3008 in
904 2959 1071 3008 Nativ.
1107 2961 1164 3008 B.
1201 2960 1267 3008 Μ.
1303 2961 1360 3007 V.
1397 2974 1446 3008 n.
1480 2960 1529 3007 9.
