2237 3481
841 330 1039 373 Luc'mo
1078 332 1196 374 ΠΙ.
1699 318 1815 377 243

219 520 472 580 tiabilem
515 521 706 594 potest
758 521 831 579 ad
888 520 1213 581 satietatem
1266 521 1511 593 reficere,
1553 539 1668 583 non
1727 540 1819 583 so-

216 619 336 679 lum
379 620 439 678 in
479 618 584 679 hoo
623 620 897 693 copiosior
924 619 1032 691 est,
1061 620 1210 693 quod
1255 621 1572 680 animarum
1601 621 1818 681 satian-

216 718 418 776 darum
473 716 663 791 potest
724 717 1084 777 universiizati
1149 717 1421 790 sufficere,
1485 720 1582 778 sed
1644 719 1814 780 etiam

216 815 338 873 fiam
380 815 799 889 copiosissimus
840 816 947 886 est,
988 816 1136 889 quod
1177 816 1455 876 saiiandis
1502 804 1816 878 animabus

216 917 273 972 et
313 914 539 988 anqelis
578 931 869 988 nunquam
931 915 1123 988 potesis
1177 915 1427 986 deficere,
1466 917 1625 976 iuxta
1671 918 1815 977 illud

216 1011 523 1071 Ezechielis
578 1013 1007 1087 quadragesimo
1062 1014 1302 1087 septimo
1331 1012 1453 1090 (1):
1495 1015 1639 1076 Non
1683 1015 1816 1088 defi-

217 1110 330 1169 ciet
354 1106 754 1180 fructuseius.
783 1109 831 1169 Ο
858 1110 1084 1169 infinita
1110 1113 1291 1185 copia,
1319 1129 1352 1172 o
1378 1114 1539 1186 copia
1566 1113 1816 1173 defectus

214 1207 442 1267 nescia!
486 1207 734 1267 Deficere
773 1208 967 1282 utique
1021 1225 1136 1268 non
1191 1208 1381 1283 potest
1433 1213 1593 1285 eopia
1645 1212 1815 1271 huius

212 1306 437 1365 frucssus
476 1306 537 1364 in
576 1307 891 1379 aeternum,
931 1323 1059 1369 oum
1109 1308 1188 1366 sit
1235 1308 1614 1381 copiosissime
1655 1310 1815 1370 bene-

213 1404 400 1463 dictus
426 1404 484 1462 in
505 1403 816 1464 aeternum.
839 1405 942 1463 Ait
961 1407 1109 1464 enim
1130 1405 1331 1465 beatus
1352 1406 1677 1468 Bernardus
1693 1408 1811 1484 (2):

224 1524 255 1554 α
281 1500 636 1560 Benedictus
673 1499 907 1573 fructus
945 1503 1164 1562 ventris
1207 1504 1311 1577 tui,
1354 1506 1450 1578 qui
1504 1505 1594 1563 est
1647 1506 1815 1564 bene-

212 1599 400 1659 dictus
440 1601 501 1658 in
540 1599 832 1659 aeternum
861 1624 920 1658 a».
961 1601 1050 1660 Sic
1077 1618 1213 1675 ergo
1240 1601 1565 1662 benedictus
1592 1602 1813 1663 fructus

211 1698 322 1759 ist-e
361 1699 620 1773 copiosus
661 1698 767 1770 est,
809 1696 942 1759 dum
993 1699 1067 1758 ad
1123 1700 1447 1760 satietatem
1489 1701 1687 1773 reficit,
1730 1720 1814 1764 co-

213 1798 442 1871 piosior,
485 1798 620 1857 dum
662 1798 1050 1858 satiandorum
1078 1800 1439 1858 universitati
1467 1801 1694 1881 sufficit,
1724 1819 1815 1861 oo-

213 1897 587 1969 piosissimus‚
647 1896 780 1955 dum
843 1897 1120 1956 satiandis
1180 1899 1241 1956 in
1301 1897 1639 1972 perpetuum
1700 1916 1814 1960 non

211 1993 420 2053 deficit.

372 2092 544 2152 Vides
584 2110 753 2165 nunc,
789 2110 822 2155 o
856 2094 1050 2164 lector,
1079 2095 1256 2165 videS,
1300 2111 1331 2155 o
1371 2096 1614 2167 auditor,
1643 2114 1812 2171 quam

209 2193 697 2266 generosissimus»,
753 2209 923 2265 quam
978 2193 1451 2264 deliciosissimuS,
1495 2211 1664 2269 quam
1706 2196 1814 2254 vir·

210 2289 590 2360 tuosissimuS,
633 2307 801 2365 quam
845 2283 1264 2365 copiosissimus
1306 2294 1385 2352 sit
1425 2292 1644 2352 fructus
1687 2311 1814 2353 ven-

210 2389 320 2447 tris
360 2388 574 2448 Mariae
630 2389 975 2449 benedictus,
1016 2389 1206 2461 Vides,
1248 2393 1498 2465 inquam,
1542 2394 1813 2467 quomodo

210 2487 289 2546 sit
328 2504 638 2561 generosus
678 2506 745 2547 ex
780 2487 943 2548 utero
970 2490 1181 2564 reyali,
1209 2493 1532 2564 generosior
1560 2508 1624 2550 ex
1652 2491 1813 2551 utero

207 2586 517 2661 virginali,
558 2589 1026 2661 generosissimus
1066 2605 1134 2646 ex
1174 2589 1337 2649 utero
1371 2590 1688 2662 paternali.
1721 2591 1814 2649 Vi-

208 2686 307 2743 des
349 2684 539 2756 etiam,
582 2686 856 2759 quomodo
897 2686 1192 2746 deliciosus
1235 2687 1313 2745 sit
1361 2689 1555 2758 odore,
1596 2689 1811 2748 delicio-

339 2917 384 2976 1)
420 2918 555 2965 Vers.
597 2917 670 2964 12.

335 2997 386 3056 2)
423 2998 597 3047 Homil.
634 2999 680 3046 3.
716 3013 856 3059 super
890 3000 1074 3048 Missus
1106 3005 1181 3047 est
1214 3014 1262 3046 n.
1300 3001 1345 3048 7.
