2237 3481
857 287 1056 329 an'rlo
1099 288 1199 330 vn.
1486 334 1489 336 Α
1716 271 1832 331 109

224 479 383 537 cente
426 480 483 536 in
515 495 572 537 se
604 479 927 551 plenissime
957 480 1150 537 divina
1177 481 1376 553 gloria.
1409 480 1614 537 Merito
1643 480 1830 538 autem

225 577 484 635 omnibus
514 578 818 649 praedictis
845 578 1051 651 gratiis
1081 578 1410 650 plenissima
1436 578 1661 647 dicitur,
1691 596 1832 651 quae

223 676 482 736 omnibus
523 692 637 733 non
678 677 923 749 ingratis
977 677 1308 750 gratissima
1363 676 1628 745 creditur,
1687 677 1834 734 sicut

223 774 425 832 beatus
464 774 790 832 Bernartius
821 770 911 848 (1)
955 774 1226 843 ostendit‚'
1264 777 1358 848 qui
1400 775 1467 833 de
1495 775 1599 834 hoc
1628 776 1829 834 verbo:

222 871 365 945 Ave,
408 874 612 943 qratia
645 872 828 943 plena
871 874 951 930 sie
979 874 1092 929 ait:
1133 896 1163 924 «
1184 874 1335 931 Bene
1366 874 1534 945 plena
1561 875 1751 947 gratia
1773 898 1829 943 »,

220 971 353 1043 quia
398 969 513 1028 Deo
555 971 613 1027 et
653 971 889 1043 angelis
929 969 987 1027 et
1043 970 1365 1028 hominibus
1416 975 1615 1045 grata:
1660 967 1832 1030 homi-

219 1068 389 1125 nibus
431 1085 531 1139 per
571 1067 1002 1140 fecunditatem,
1034 1069 1254 1142 angelis
1285 1087 1383 1141 per
1410 1071 1829 1145 viryinitatem,

221 1167 337 1224 Deo
383 1182 482 1237 per
525 1166 937 1223 humilitatem.

379 1264 437 1320 N
440 1255 1018 1331 ono'eonsideremuS‚
1050 1267 1344 1334 carissimi,
1379 1267 1526 1339 quocl
1556 1267 1723 1340 plena
1754 1268 1830 1324 sit

214 1363 403 1420 Maria
436 1360 716 1430 fruitione
751 1365 1020 1420 aeternae
1059 1364 1334 1420 laetitiae.
1375 1363 1512 1433 Quis
1548 1366 1693 1422 enim
1732 1383 1829 1423 ne-

214 1460 381 1527 sciat,
404 1477 526 1517 eam
548 1459 620 1517 ab
651 1459 742 1517 his
771 1476 882 1518 non
916 1462 1223 1529 exclusam,
1254 1462 1459 1534 quibus
1493 1463 1672 1519 Filius
1710 1463 1828 1519 eius

210 1558 357 1616 dixit
378 1558 614 1616 Ioannis
636 1558 844 1616 decimo
875 1560 1030 1617 sexto
1044 1558 1161 1632 (2):
1188 1560 1395 1628 Petite,
1424 1563 1478 1617 et
1506 1561 1821 1632 accipietis,

209 1660 282 1713 ut
320 1653 610 1729 ,qaudium
662 1659 916 1713 vestrum
963 1657 1044 1714 sit
1078 1657 1376 1729 plenum?
1418 1658 1472 1713 Si
1535 1675 1668 1730 ergo
1717 1675 1827 1716 om-

209 1758 370 1813 nium
427 1754 833 1826 apostolorum,
877 1756 1045 1814 immo
1099 1757 1343 1813 omnium
1395 1773 1517 1814 cum
1570 1757 1687 1814 Deo
1737 1775 1827 1814 re-

206 1854 516 1927 gnantium
582 1853 853 1925 gaudium
916 1854 1004 1911 est
1068 1854 1314 1924 plenum,
1367 1855 1579 1927 quanto
1644 1856 1826 1928 magis
1891 1913 1902 1921 ,

208 1953 418 2009 matris
441 1951 542 2008 Dei
565 1952 832 2023 gaudium
859 1952 1183 2023 plenissime
1208 1953 1295 2009 est
1318 1953 1545 2024 plenum
1566 1955 1592 2009 ἱ)
1615 1953 1696 2010 De
1718 1953 1826 2011 hac

208 2049 568 2122 plenitudine
622 2049 823 2106 beatus
878 2049 1257 2123 Hieronymus
1287 2050 1376 2124 (3)
1421 2051 1534 2108 ait:
1588 2074 1617 2101 ‹<
1646 2051 1825 2109 Plena

203 2147 488 2221 siquidem
556 2148 764 2220 gratia,
834 2148 1000 2219 plena
1063 2148 1197 2215 Deo,
1264 2148 1431 2219 plena
1492 2149 1821 2218 virtutibuS‚

202 2264 322 2305 non
368 2245 559 2317 potest
601 2262 709 2304 non
756 2247 1037 2317 possidere
1082 2245 1325 2318 pleniter
1366 2247 1604 2319 gloriam
1661 2248 1823 2305 elari-

201 2344 352 2401 tatis
395 2344 660 2400 aeternae
689 2356 746 2399 »‘.
791 2343 932 2413 Quid
978 2345 1199 2411 mirum,
1241 2345 1287 2401 si
1316 2345 1593 2401 laetitiam
1624 2346 1680 2402 et
1707 2347 1824 2418 glo-

201 2444 353 2500 riam
386 2443 613 2513 plenam
657 2441 715 2497 et
758 2443 1155 2513 superplenam
1187 2442 1358 2499 habet
1389 2443 1445 2499 in
1476 2460 1649 2515 regno
1680 2460 1821 2516 quae

198 2541 458 2612 gratiam
490 2540 716 2611 plenam
739 2539 797 2597 et
826 2540 1224 2612 superplenam
1266 2539 1468 2597 habuit
1497 2542 1555 2597 in
1587 2542 1822 2599 exsilio?

200 2638 352 2707 Quid
383 2637 536 2695 certe
565 2638 790 2706 mirum,
823 2639 868 2695 si
899 2638 1017 2694 tam
1046 2640 1104 2694 in
1136 2638 1287 2696 eaelo
1326 2655 1491 2710 quam
1525 2639 1581 2695 in
1613 2639 1820 2698 mundo

336 2870 382 2929 1)
421 2867 597 2915 Homil.
636 2868 681 2915 3.
719 2882 858 2928 super
893 2868 1077 2914 Missus
1110 2872 1200 2924 est,
1235 2883 1283 2914 n.
1322 2868 1368 2914 3.

330 2951 381 3008 2)
417 2950 554 2996 vers·
590 2950 668 2996 24.
1253 2948 1491 3008 3).Epist.
1528 2949 1612 2997 cit.
1651 2964 1699 2997 n.
1740 2951 1813 2997 15.
