2237 3481
872 267 1072 322 pnc'mo
1115 268 1217 309 vn.
1771 254 1847 310 99

396 454 590 512 Tertio
645 455 1080 525 consideremu8‚
1131 458 1425 526 carissimi,
1477 459 1623 531 quod
1680 460 1848 531 plena

227 553 321 611 est
364 551 551 610 Maria
581 553 1053 624 possessionibus
1097 554 1280 613 bonae
1320 556 1473 613 vitae
1514 557 1573 613 in
1614 556 1846 627 effectu3

227 651 296 708 de
340 650 450 709 hac
479 651 831 723 plenitudine
861 669 991 710 vere
1031 669 1331 726 possumus
1372 653 1552 711 dicere
1577 654 1693 728 (1):
1726 656 1848 712 Do-

223 750 383 806 mini
423 751 510 807 est
551 752 712 807 terra
770 754 826 807 et
880 750 1190 822 plenitudo
1254 752 1396 810 eius.
1461 753 1570 810 Per
1633 752 1846 811 terram

224 849 379 905 enim
444 846 802 919 significatur
844 848 1045 915 Maria,
1090 848 1159 906 de
1200 866 1312 921 qua
1375 850 1454 907 sic
1514 851 1726 924 legitur
1787 851 1845 907 in
1921 860 1926 864 ’

225 945 389 1004 Isaia
421 945 544 1019 (2):
588 945 925 1018 Aperiatur
970 948 1132 1004 terra
1172 951 1227 1005 et
1264 950 1553 1021 yerminet
1583 946 1847 1006 Salvato-

224 1061 371 1101 rem.
421 1043 567 1113 Quid
616 1042 773 1101 terra
835 1043 1151 1102 humilius?
1191 1045 1326 1118 quid
1387 1045 1543 1104 terra
1606 1047 1847 1104 utilius?

224 1142 468 1200 Terram
512 1158 706 1199 omnes
751 1141 857 1199 sub
902 1142 1138 1214 pedibus
1180 1143 1453 1201 habemus
1495 1144 1552 1202 et
1594 1145 1659 1201 (16
1691 1144 1845 1201 terra

224 1256 429 1298 omnes
471 1239 649 1297 vitam
693 1239 980 1310 fovemus;
1020 1241 1166 1298 unde
1213 1242 1360 1298 enim
1405 1242 1612 1299 vietum
1656 1243 1713 1299 et
1753 1259 1848 1299 ve-

226 1337 457 1405 stitum,
503 1354 705 1409 panem
749 1338 806 1396 et
849 1339 1062 1406 vinum,
1105 1340 1296 1396 lanam
1342 1339 1410 1396 et
1439 1339 1615 1397 linum
1663 1340 1720 1397 et
1748 1339 1845 1397 hu-

224 1436 318 1493 ius
363 1435 517 1492 vitae
558 1436 897 1502 necessaria,
942 1437 1051 1493 nisi
1095 1436 1163 1493 de
1206 1437 1379 1504 terra,
1410 1438 1520 1494 nisi
1563 1438 1629 1493 de
1674 1439 1846 1509 pleni·

223 1533 428 1591 tudine
470 1532 659 1591 terrae
699 1534 1015 1591 habemus?
1060 1534 1204 1602 Quid
1233 1550 1367 1606 ergo
1393 1534 1682 1603 humilius,
1713 1537 1846 1607 quid

223 1631 435 1690 utilius
477 1630 676 1689 terra?
704 1632 975 1689 Similiter
1004 1633 1136 1704 quid
1166 1632 1455 1702 humilius,
1485 1634 1618 1705 quid
1645 1634 1844 1691 utilius

223 1730 460 1788 Maria?
498 1729 639 1803 Ipsa
681 1730 919 1802 denique
961 1730 1288 1789 humilitate
1331 1749 1436 1789 sua
1478 1733 1725 1790 omnium
1757 1732 1844 1789 est

223 1828 461 1898 infima3
504 1829 631 1900 ipsa
681 1828 1033 1901 plenitudine
1075 1846 1179 1886 sua
1222 1831 1469 1887 omnium
1521 1830 1608 1887 est
1660 1830 1843 1887 utilis-

224 1928 394 1983 sima.
438 1926 607 1983 Vitae
649 1943 892 1998 namque
935 1926 1254 1998 spiritualis
1301 1929 1619 2001 necessaria
1673 1927 1845 1985 habe-

224 2041 359 2082 mus
402 2024 469 2082 de
527 2025 859 2097 plenissima
919 2024 1074 2082 terra
1138 2025 1341 2083 Maria.
1385 2026 1461 2082 Et
1520 2026 1641 2084 ideo
1704 2026 1843 2084 bene

223 2122 436 2180 beatus
503 2122 832 2180 Bernardus
864 2123 953 2196 (3)
1018 2123 1132 2179 ait:
1207 2143 1235 2173 «
1263 2123 1457 2179 Altius
1527 2124 1842 2190 intuemini,

222 2220 447 2293 quanto
487 2220 805 2278 devotionis
841 2219 1046 2277 affeetu
1089 2238 1123 2277 a
1166 2220 1327 2278 nobis
1357 2221 1538 2278 voluit
1578 2221 1843 2279 honorari

222 2320 474 2376 Mariam
532 2319 628 2390 qui
679 2318 858 2376 totius
900 2319 1031 2376 boni
1074 2319 1481 2391 plenitudinem
1539 2321 1729 2390 posuit
1784 2321 1842 2377 in

221 2418 434 2484 Maria,
479 2416 546 2473 ut
588 2417 822 2488 proinde
867 2418 915 2474 si
956 2416 1091 2490 quid
1142 2417 1260 2489 spei
1311 2419 1367 2474 in
1424 2416 1584 2474 nobis
1647 2418 1752 2485 est,
1796 2419 1843 2474 si

219 2515 364 2588 quid
418 2514 660 2587 gratiae,
705 2516 754 2572 si
795 2515 929 2587 quid
993 2514 1217 2582 salntiS‚
1262 2514 1334 2570 ab
1390 2531 1455 2571 ea
1518 2516 1841 2572 noverimus

222 2611 548 2671 redundare
577 2635 633 2670 ».
676 2612 781 2669 Sed
823 2629 857 2668 a
901 2627 1011 2685 quo
1053 2610 1111 2668 et
1151 2611 1309 2669 cuius
1351 2611 1439 2669 est
1481 2611 1646 2669 tanta
1674 2612 1842 2670 huius

359 2843 406 2902 1)
443 2843 620 2890 Psalm.
655 2842 735 2901 23,
776 2842 819 2889 1.
1442 2839 1491 2898 2)
1530 2838 1640 2898 Cap.
1677 2840 1756 2900 45,
1792 2841 1839 2887 8.

355 2923 406 2983 3)
442 2923 591 2971 Serm.
626 2922 679 2970 in
712 2922 878 2970 Nativ.
917 2923 971 2969 B.
1009 2921 1074 2968 M.
1109 2920 1168 2967 V.
1206 2934 1254 2966 n.
1292 2921 1338 2967 6.
