2237 3481
874 308 1074 355 an‘no
1116 309 1235 356 ΧΠ.
1741 293 1856 357 197

248 409 357 421 *n-

249 501 445 575 Igitur
485 502 669 560 Maria
711 502 945 576 propter
986 503 1202 577 prolem
1246 504 1397 577 piam
1433 503 1723 563 benedicta
1751 504 1858 574 est,

249 599 563 671 benedicta,
624 601 876 673 inquam,
932 618 967 659 a
1021 602 1303 675 Domine,
1366 601 1438 660 ab
1499 602 1723 676 cmyeZO,
1786 603 1860 660 ab

251 698 500 757 homine.
542 697 789 772 Propter
830 699 1043 770 prolem
1087 699 1282 772 utique
1344 699 1636 758 benedicta
1696 699 1785 759 est
1824 718 1860 759 a

247 795 514 853 Domino
556 793 999 854 benedictionem
1042 797 1162 855 eius
1203 797 1493 870 operante,
1536 797 1610 856 ab
1650 797 1859 872 anyelo

247 891 693 953 benedictionem
736 894 857 951 eius
897 893 1219 964 nuntiante,
1262 895 1335 953 ab
1372 895 1603 954 homine
1643 895 1862 954 benedi-

247 989 493 1050 ctionem
536 991 657 1049 eius
699 991 1098 1064 prophetante.
1127 1026 1209 1034 —
1234 992 1379 1052 Vere
1416 993 1708 1053 benedicta
1735 1011 1863 1067 pro-

250 1089 383 1162 pter
426 1090 641 1163 prolem
685 1088 775 1147 est
812 1089 997 1148 Maria
1039 1108 1079 1149 a
1118 1092 1378 1150 Dome‘mo
1419 1093 1860 1151 benedictionem

249 1189 373 1245 eius
415 1187 687 1260 operante
729 1189 847 1246 sive
889 1188 1156 1247 donante.
1197 1189 1320 1249 Hoc
1380 1190 1520 1249 bene
1571 1189 1861 1263 signatum

250 1285 343 1344 est
384 1286 613 1344 secundi
655 1282 871 1360 Regum
916 1287 1074 1346 sexto
1105 1285 1217 1362 (1),
1280 1288 1376 1346 ubi
1429 1289 1661 1362 legitur,
1712 1289 1861 1362 quod

254 1384 547 1443 benedixit
610 1386 910 1443 Dominus
970 1385 1173 1445 domui
1241 1385 1558 1445 obededom
1611 1391 1861 1460 propter

251 1498 475 1540 arcam.
524 1481 844 1541 obededom
904 1483 1323 1557 interpretatur
1373 1500 1571 1543 servus
1624 1485 1862 1558 sanqui-

250 1595 401 1638 neue
430 1578 541 1654 (2),
592 1579 651 1638 et
710 1580 849 1639 bene
901 1581 1095 1655 signat
1146 1581 1456 1652 Christum,
1512 1583 1609 1655 qui
1664 1598 1863 1640 servus

250 1677 449 1760 noster
489 1676 677 1736 factus
717 1677 823 1748 est,
868 1679 1121 1736 serviens
1181 1678 1343 1738 nobis
1404 1680 1625 1738 miseris
1685 1695 1863 1753 usque

249 1777 325 1834 ad
368 1776 722 1850 sanguinem.
751 1776 995 1849 Propter
1036 1794 1141 1836 nos
1185 1778 1335 1836 enim
1376 1795 1592 1848 servae,
1629 1778 1864 1852 propter

251 1891 359 1933 nos
401 1891 620 1948 quoque
663 1876 1008 1948 sanguineus
1049 1875 1238 1934 factus
1277 1875 1367 1935 est
1409 1876 1691 1949 ChristuS,
1737 1893 1865 1934 san-

250 1973 495 2047 guineus
537 1974 595 2030 in
637 1971 803 2031 dorso
846 1972 1081 2046 propter
1122 1973 1371 2047 flagella,
1415 1975 1761 2048 sanguineus
1803 1975 1861 2031 in

250 2070 440 2143 capite
480 2070 717 2143 propter
759 2072 975 2143 spinae,
1020 2073 1368 2145 sanguineus
1409 2073 1467 2130 in
1509 2070 1690 2130 latere
1732 2088 1864 2145 pro-

253 2168 386 2240 pter
428 2168 703 2238 lanceam,
747 2169 1093 2242 sanguineus
1135 2170 1194 2226 in
1238 2169 1498 2227 manibus
1542 2168 1601 2227 et
1629 2168 1863 2242 pedibus

253 2265 493 2340 propter
554 2267 762 2326 clavos,
806 2266 995 2325 Huius
1035 2268 1184 2325 servi
1227 2268 1425 2326 domus
1489 2266 1599 2326 fuit
1658 2268 1862 2338 Maria,

255 2364 328 2422 de
390 2381 502 2437 qua
563 2365 622 2422 in
683 2364 914 2428 Psalmo
945 2364 1035 2440 (3)
1089 2365 1326 2423 dicitur:
1368 2364 1751 2438 Replebimur
1799 2367 1866 2423 in

386 2650 407 2696 1
468 2649 603 2696 Vere.
642 2649 717 2696 11.

380 2652 432 2790 23
469 2728 567 2778 cfr.
592 2742 635 2777 e.
659 2743 734 2787 gr.
760 2728 944 2776 Cornel.
971 2742 1000 2776 a
1021 2728 1198 2788 Lapide
1219 2727 1269 2776 in
1292 2729 1353 2777 II.
1375 2730 1492 2788 Reg.
1513 2730 1561 2788 6,
1590 2729 1672 2776 lo:
1705 2747 1728 2773 α
1750 2729 1863 2776 Obe-

254 2811 426 2858 dedom
457 2810 603 2857 Hebr.
649 2809 771 2856 idem
804 2810 879 2856 est
911 2809 1032 2867 quod
1063 2810 1300 2868 serviens,
1334 2811 1513 2866 colens,
1545 2810 1619 2857 vel
1653 2824 1868 2868 operans

252 2891 470 2939 rubrum
490 2907 514 2934 »
553 2892 648 2939 etc.
1421 2895 1424 2896 ’

385 2971 434 3031 3)
471 2972 646 3019 Psalm.
682 2971 761 3031 64,
795 2971 844 3017 5.
