2237 3481
863 283 1063 326 Luo'rm
1105 284 1200 326 xv.
1714 266 1829 325 213

227 479 430 546 Maria,
488 477 780 536 benedicta
835 477 1028 550 utique
1083 493 1186 549 pro
1243 476 1576 534 humilitate
1635 475 1836 535 contra

230 576 572 649 superbiam,
616 575 907 634 benedicta
969 592 1071 648 pro
1133 575 1378 632 caritate
1438 575 1636 634 contra
1696 575 1837 632 invi-

228 675 399 743 diam,
442 674 732 732 benedicta
788 691 891 747 pro
935 675 1173 732 lenitate
1213 673 1412 732 contra
1466 673 1830 740 iracundiam,

227 773 521 831 benedicta
562 790 665 846 pro
718 775 1068 832 strenuitate
1115 773 1316 832 contra
1357 772 1624 845 acediam,
1676 772 1836 829 bene·

227 871 382 928 dicta
423 887 526 943 pro
571 870 918 928 liberalitate
958 871 1156 929 contra
1184 870 1507 939 avaritiam,
1546 870 1836 928 benedicta

231 986 335 1042 pro
373 968 682 1027 sobrietate
722 969 921 1027 contra
960 970 1175 1042 gulam,
1206 968 1495 1028 benedicta
1537 984 1640 1041 pro
1668 969 1837 1026 casti-

232 1070 351 1125 tate
391 1068 589 1126 contra
630 1068 932 1126 luxuriam.
1001 1112 1006 1118 .
1211 1144 1216 1149 ,

393 1165 584 1224 Primo
607 1165 920 1234 audiamus,
937 1166 1233 1233 carissimi,
1251 1166 1523 1238 quomodo
1547 1164 1838 1223 benedicta

232 1263 311 1321 sit
349 1263 532 1320 Maria
576 1279 679 1336 pro
723 1263 1055 1321 humilitate
1095 1262 1295 1322 contra
1343 1263 1684 1336 superbiam.
1740 1263 1835 1320 Su-

235 1361 396 1433 perbi
438 1362 584 1419 enim
615 1361 895 1419 maledicti
925 1364 1078 1430 sunt,
1110 1361 1258 1419 sicut
1285 1362 1562 1434 scriptum
1591 1361 1680 1419 est
1709 1359 1833 1435 (1):

232 1460 568 1531 Increpasti
589 1461 903 1533 superbos,
953 1460 1247 1517 maledieti
1290 1461 1393 1532 qui
1447 1459 1745 1519 declinant
1800 1476 1838 1516 a

228 1558 533 1616 mandatis
576 1558 710 1615 tuiS.
742 1557 954 1631 Contra
982 1558 1129 1615 hanc
1170 1557 1465 1629 superbiae
1503 1557 1839 1616 maledictio-

231 1673 360 1714 nem
414 1656 597 1713 Maria
648 1645 895 1715 obtinuit
953 1654 1300 1714 humilitaizis
1365 1656 1837 1725 benedictionem3

230 1756 381 1814 unde
421 1757 547 1828 ipsa
577 1772 676 1828 per
719 1756 923 1813 vallem
953 1735 1110 1814 illam
1144 1756 1360 1829 signari
1389 1755 1595 1827 potest,
1634 1755 1700 1813 de
1727 1772 1840 1828 qua

232 1854 463 1914 secundi
505 1854 976 1927 Paralipomenon
1020 1855 1290 1927 vigesimo
1321 1853 1424 1928 (2)·
1454 1854 1689 1911 dicitur:
1735 1854 1839 1912 Vo-

236 1955 516 2019 caverunt
572 1952 760 2011 locum
815 1953 986 2011 illum
1035 1953 1246 2010 vallem
1301 1951 1723 2010 benedictionis.
1779 1952 1836 2009 Si

234 2052 420 2110 omnis
461 2050 692 2108 humilis
734 2050 822 2108 est
862 2051 1137 2123 quaedam
1180 2051 1348 2109 vallis
1390 2050 1511 2118 Dei,
1565 2050 1725 2107 iuxiza
1776 2050 1834 2107 il·

233 2149 334 2207 lud
376 2149 561 2207 Isaiae
592 2148 714 2223 (3):
768 2146 971 2207 Omnis
1008 2148 1186 2207 vallis
1226 2148 1598 2220 exaltabitur,
1625 2148 1839 2220 quanto

234 2248 420 2320 magis
462 2247 630 2304 vallis
671 2246 782 2305 fuit
820 2246 1019 2314 Maria,
1063 2263 1207 2319 quae
1248 2245 1415 2304 tanta
1455 2245 1565 2304 fuit
1619 2245 1840 2303 humili-

234 2345 357 2403 tate
402 2344 716 2417 profunda!
777 2343 921 2414 Quid
964 2346 1188 2412 mirum,
1232 2345 1296 2402 si¹
1331 2346 1456 2417 ipsa
1497 2343 1608 2402 fnit
1670 2344 1838 2401 vallis

235 2444 491 2509 vallium,
520 2459 664 2516 quae
691 2443 802 2501 fuit
827 2442 1146 2501 humillima
1172 2442 1469 2500 humilium
1486 2444 1514 2499 Ρ
1541 2441 1587 2500 Ο
1609 2442 1840 2515 quantis

232 2542 373 2601 haec
415 2542 584 2599 vallis
625 2541 915 2600 benedicta
945 2540 1424 2600 benedictionibus
1461 2541 1549 2599 est
1588 2541 1841 2599 exaltaiza

234 2656 339 2713 pro
381 2639 704 2698 humilitate
733 2656 835 2698 sua
863 2639 982 2697 tam
1018 2636 1344 2712 profunda,
1373 2639 1491 2697 tam
1534 2640 1692 2709 utili,
1720 2639 1839 2696 tam

367 2871 411 2930 1)
447 2872 622 2918 Psalm.
663 2871 769 2930 118,
804 2870 882 2918 21.

361 2952 411 3012 2)
447 2951 581 2998 Vere.
615 2950 695 2998 26.
1444 2951 1493 3009 3)
1528 2950 1641 3011 Cap.
1676 2951 1756 3010 40,
1791 2949 1839 2998 4.
