2237 3481
256 1220 494 1280 Fructus
534 1220 744 1280 ventris
785 1220 980 1280 beatae
1022 1220 1230 1280 Mariae
1272 1220 1343 1281 ad
1385 1241 1520 1299 quos
1549 1221 1780 1283 effectus

217 1318 295 1380 sit
334 1318 695 1390 necessariae,
743 1326 801 1378 et
841 1318 909 1378 de
961 1317 1247 1379 duodecim
1288 1320 1627 1381 utilitatibus
1678 1321 1817 1382 eius.

329 1721 755 1923 &caedicius
795 1836 1026 1907 fruetus
1067 1838 1285 1896 ventris
1330 1838 1433 1895 tui.
1462 1838 1721 1897 Vidimus
1750 1839 1816 1895 de

217 1936 510 1994 benedicto
553 1935 741 1994 fructu
805 1935 1022 1994 ventris
1077 1937 1292 1995 Mariae
1333 1938 1461 2010 quis
1517 1936 1574 1995 et
1635 1939 1822 2011 qualis

217 2034 316 2102 sit,
361 2033 603 2092 vidimus
645 2052 880 2107 quoque,
924 2052 1164 2107 quorum
1206 2035 1264 2093 et
1325 2052 1562 2108 quarum
1608 2037 1703 2105 sit,
1748 2037 1824 2093 vi-

217 2132 451 2190 deamus
494 2149 660 2201 nunc,
703 2134 775 2190 ad
818 2148 958 2206 quos
1005 2133 1062 2191 et
1103 2133 1184 2191 ad
1221 2134 1425 2205 quales
1466 2132 1697 2203 effectus
1726 2152 1824 2192 ne-

217 2232 502 2289 cessarius
544 2231 639 2288 sit.
697 2231 848 2289 Nam
907 2231 1128 2290 fructus
1186 2233 1293 2290 iste
1334 2236 1537 2290 contra
1578 2232 1821 2305 malum,

216 2332 440 2390 fructus
481 2329 589 2388 iste
632 2327 716 2389 ad
756 2330 972 2388 bonum
1011 2333 1363 2389 necessarius
1404 2332 1511 2389 est.
1556 2331 1823 2389 Necessa-

217 2430 339 2487 rius
380 2428 603 2500 quidem
647 2428 735 2485 est
775 2427 1010 2500 propter
1052 2445 1147 2486 sex
1188 2428 1419 2486 effectus
1461 2429 1661 2488 contra
1702 2447 1823 2487 ma-

215 2529 356 2596 lum,
401 2528 753 2584 necessarius
794 2525 882 2584 est
923 2527 1091 2584 etiam
1138 2527 1370 2599 propter
1434 2545 1528 2585 sex
1591 2528 1823 2586 effectus

217 2625 292 2684 ad
334 2624 561 2682 bonum.
603 2624 789 2682 Huius
853 2624 1043 2697 itaque
1102 2624 1377 2682 benedicti
1421 2625 1641 2683 fructus
1685 2627 1822 2683 sunt

216 2723 504 2781 duodecim
550 2722 780 2780 effectus
822 2722 986 2780 valde
1029 2723 1200 2780 utiles
1243 2724 1360 2780 sive
1389 2723 1672 2782 duodecim
1718 2725 1823 2782 uti·
1890 2758 1895 2762 -

216 2820 416 2880 litates
455 2821 619 2878 valde
661 2821 961 2890 notabileS‚
1005 2837 1108 2894 pro
1166 2821 1369 2894 quibus
1412 2820 1612 2879 merito
1653 2822 1824 2895 largi·

217 2922 401 2980 torem
443 2920 687 2977 eiusdem
732 2919 952 2978 fructus
1008 2920 1249 2978 laudant
1305 2936 1496 2978 omnes
1552 2918 1823 2989 homineS‚
