<?xml version="1.0" encoding="UTF-8"?>
<!DOCTYPE html PUBLIC "-//W3C//DTD XHTML 1.0 Transitional//EN"
    "http://www.w3.org/TR/xhtml1/DTD/xhtml1-transitional.dtd">
<html xmlns="http://www.w3.org/1999/xhtml" xml:lang="en" lang="en">
 <head>
  <title>
</title>
<meta http-equiv="Content-Type" content="text/html;charset=utf-8" />
  <meta name='ocr-system' content='tesseract 3.04.00' />
  <meta name='ocr-capabilities' content='ocr_page ocr_carea ocr_par ocr_line ocrx_word'/>
</head>
<body>
  <div class='ocr_page' id='page_1' title='image "./speculumbeataem00brungoog_0096.png"; bbox 0 0 2237 3481; ppageno 0'>
   <div class='ocr_carea' id='block_1_1' title="bbox 370 256 1467 315">
    <p class='ocr_par' dir='ltr' id='par_1_1' title="bbox 370 256 1467 315">
     <span class='ocr_line' id='line_1_1' title="bbox 370 256 1467 315; baseline -0.003 0"><span class='ocrx_word' id='word_1_1' title='bbox 370 256 447 315; x_wconf 88' lang='grc'>62</span> <span class='ocrx_word' id='word_1_2' title='bbox 879 271 1170 314; x_wconf 73' lang='lat' dir='ltr'>SPECULUM</span> <span class='ocrx_word' id='word_1_3' title='bbox 1211 273 1263 313; x_wconf 87' lang='lat' dir='ltr'>B.</span> <span class='ocrx_word' id='word_1_4' title='bbox 1305 272 1367 313; x_wconf 74' lang='lat' dir='ltr'>u.</span> <span class='ocrx_word' id='word_1_5' title='bbox 1411 272 1467 314; x_wconf 86' lang='lat' dir='ltr'>v.</span> 
     </span>
    </p>
   </div>
   <div class='ocr_carea' id='block_1_2' title="bbox 356 461 1981 2605">
    <p class='ocr_par' dir='ltr' id='par_1_2' title="bbox 356 461 1981 2605">
     <span class='ocr_line' id='line_1_2' title="bbox 364 461 1978 548; baseline -0.002 -26"><span class='ocrx_word' id='word_1_6' title='bbox 364 461 762 548; x_wconf 60' lang='lat' dir='ltr'>Altituqc‘nem</span> <span class='ocrx_word' id='word_1_7' title='bbox 803 461 951 520; x_wconf 72' lang='lat' dir='ltr'>caeli</span> <span class='ocrx_word' id='word_1_8' title='bbox 990 464 1046 519; x_wconf 83' lang='lat' dir='ltr'>et</span> <span class='ocrx_word' id='word_1_9' title='bbox 1086 461 1456 519; x_wconf 76' lang='lat' dir='ltr'>latitudinem</span> <span class='ocrx_word' id='word_1_10' title='bbox 1501 463 1690 519; x_wconf 83' lang='lat' dir='ltr'>terrae</span> <span class='ocrx_word' id='word_1_11' title='bbox 1732 464 1787 519; x_wconf 82' lang='lat' dir='ltr'>et</span> <span class='ocrx_word' id='word_1_12' title='bbox 1834 479 1978 534; x_wconf 79' lang='lat' dir='ltr'><em>pro·</em></span> 
     </span>
     <span class='ocr_line' id='line_1_3' title="bbox 363 557 1977 634; baseline -0.001 -15"><span class='ocrx_word' id='word_1_13' title='bbox 363 560 614 631; x_wconf 78' lang='lat' dir='ltr'>fundum</span> <span class='ocrx_word' id='word_1_14' title='bbox 656 561 855 634; x_wconf 73' lang='lat' dir='ltr'>abyssi</span> <span class='ocrx_word' id='word_1_15' title='bbox 898 560 1030 632; x_wconf 76' lang='lat' dir='ltr'>quis</span> <span class='ocrx_word' id='word_1_16' title='bbox 1070 559 1363 618; x_wconf 74' lang='lat' dir='ltr'>dimensus</span> <span class='ocrx_word' id='word_1_17' title='bbox 1405 557 1532 618; x_wconf 83' lang='lat' dir='ltr'>est?</span> <span class='ocrx_word' id='word_1_18' title='bbox 1583 557 1827 618; x_wconf 78' lang='lat' dir='ltr'>Caelum</span> <span class='ocrx_word' id='word_1_19' title='bbox 1883 561 1977 619; x_wconf 88' lang='lat' dir='ltr'>est</span> 
     </span>
     <span class='ocr_line' id='line_1_4' title="bbox 365 657 1978 731; baseline 0 -14"><span class='ocrx_word' id='word_1_20' title='bbox 365 659 564 727; x_wconf 88' lang='lat' dir='ltr'>Maria,</span> <span class='ocrx_word' id='word_1_21' title='bbox 607 659 728 716; x_wconf 89' lang='lat' dir='ltr'>tum</span> <span class='ocrx_word' id='word_1_22' title='bbox 785 659 917 731; x_wconf 89' lang='lat' dir='ltr'>quia</span> <span class='ocrx_word' id='word_1_23' title='bbox 977 658 1205 716; x_wconf 87' lang='lat' dir='ltr'>caelesti</span> <span class='ocrx_word' id='word_1_24' title='bbox 1271 657 1541 729; x_wconf 87' lang='lat' dir='ltr'>puritate,</span> <span class='ocrx_word' id='word_1_25' title='bbox 1585 658 1815 717; x_wconf 84' lang='lat' dir='ltr'>caelesti</span> <span class='ocrx_word' id='word_1_26' title='bbox 1878 676 1978 717; x_wconf 83' lang='lat' dir='ltr'>ca-</span> 
     </span>
     <span class='ocr_line' id='line_1_5' title="bbox 367 755 1975 831; baseline 0 -16"><span class='ocrx_word' id='word_1_27' title='bbox 367 758 538 815; x_wconf 88' lang='lat' dir='ltr'>ritate</span> <span class='ocrx_word' id='word_1_28' title='bbox 570 756 679 831; x_wconf 89' lang='lat'>(1),</span> <span class='ocrx_word' id='word_1_29' title='bbox 743 755 1077 814; x_wconf 85' lang='lat' dir='ltr'>caelestibus</span> <span class='ocrx_word' id='word_1_30' title='bbox 1146 756 1275 813; x_wconf 88' lang='lat' dir='ltr'>aliis</span> <span class='ocrx_word' id='word_1_31' title='bbox 1344 755 1657 813; x_wconf 87' lang='lat' dir='ltr'>virtutibus</span> <span class='ocrx_word' id='word_1_32' title='bbox 1724 756 1975 815; x_wconf 87' lang='lat' dir='ltr'>abunda-</span> 
     </span>
     <span class='ocr_line' id='line_1_6' title="bbox 368 854 1975 927; baseline -0.001 -15"><span class='ocrx_word' id='word_1_33' title='bbox 368 856 482 925; x_wconf 87' lang='lat' dir='ltr'>vit;</span> <span class='ocrx_word' id='word_1_34' title='bbox 546 854 666 912; x_wconf 89' lang='lat' dir='ltr'>tum</span> <span class='ocrx_word' id='word_1_35' title='bbox 730 856 862 927; x_wconf 88' lang='lat' dir='ltr'>quia</span> <span class='ocrx_word' id='word_1_36' title='bbox 914 854 1069 912; x_wconf 90' lang='lat' dir='ltr'>sedes</span> <span class='ocrx_word' id='word_1_37' title='bbox 1135 854 1234 912; x_wconf 89' lang='lat' dir='ltr'>Dei</span> <span class='ocrx_word' id='word_1_38' title='bbox 1303 855 1773 913; x_wconf 85' lang='lat' dir='ltr'>excellentissima</span> <span class='ocrx_word' id='word_1_39' title='bbox 1843 855 1975 923; x_wconf 83' lang='lat' dir='ltr'>fuit,</span> 
     </span>
     <span class='ocr_line' id='line_1_7' title="bbox 367 952 1979 1028; baseline 0 -16"><span class='ocrx_word' id='word_1_40' title='bbox 367 954 511 1012; x_wconf 91' lang='lat' dir='ltr'>teste</span> <span class='ocrx_word' id='word_1_41' title='bbox 562 952 840 1026; x_wconf 85' lang='lat' dir='ltr'>propheta</span> <span class='ocrx_word' id='word_1_42' title='bbox 871 952 980 1028; x_wconf 86' lang='lat'>(2),</span> <span class='ocrx_word' id='word_1_43' title='bbox 1023 953 1120 1026; x_wconf 90' lang='lat' dir='ltr'>qui</span> <span class='ocrx_word' id='word_1_44' title='bbox 1161 952 1324 1010; x_wconf 81' lang='lat' dir='ltr'>dicit:</span> <span class='ocrx_word' id='word_1_45' title='bbox 1367 953 1662 1011; x_wconf 77' lang='lat' dir='ltr'><em>Dominus</em></span> <span class='ocrx_word' id='word_1_46' title='bbox 1702 954 1770 1011; x_wconf 77' lang='lat' dir='ltr'>in</span> <span class='ocrx_word' id='word_1_47' title='bbox 1813 954 1979 1012; x_wconf 82' lang='lat' dir='ltr'>caelo</span> 
     </span>
     <span class='ocr_line' id='line_1_8' title="bbox 356 1044 1974 1125; baseline -0.001 -15"><span class='ocrx_word' id='word_1_48' title='bbox 356 1053 599 1125; x_wconf 73' lang='lat' dir='ltr'>paravit</span> <span class='ocrx_word' id='word_1_49' title='bbox 636 1051 823 1110; x_wconf 70' lang='lat' dir='ltr'>sedem</span> <span class='ocrx_word' id='word_1_50' title='bbox 862 1044 1052 1109; x_wconf 73' lang='lat' dir='ltr'>suam.</span> <span class='ocrx_word' id='word_1_51' title='bbox 1098 1051 1289 1108; x_wconf 83' lang='lat' dir='ltr'>Terra</span> <span class='ocrx_word' id='word_1_52' title='bbox 1343 1067 1561 1124; x_wconf 87' lang='lat' dir='ltr'>quoque</span> <span class='ocrx_word' id='word_1_53' title='bbox 1616 1051 1727 1109; x_wconf 87' lang='lat' dir='ltr'>fuit</span> <span class='ocrx_word' id='word_1_54' title='bbox 1765 1051 1974 1121; x_wconf 87' lang='lat' dir='ltr'>Maria,</span> 
     </span>
     <span class='ocr_line' id='line_1_9' title="bbox 366 1148 1974 1222; baseline 0 -14"><span class='ocrx_word' id='word_1_55' title='bbox 366 1151 499 1208; x_wconf 91' lang='lat' dir='ltr'>dum</span> <span class='ocrx_word' id='word_1_56' title='bbox 539 1149 785 1208; x_wconf 87' lang='lat' dir='ltr'>fructum</span> <span class='ocrx_word' id='word_1_57' title='bbox 841 1149 1002 1208; x_wconf 89' lang='lat' dir='ltr'>nobis</span> <span class='ocrx_word' id='word_1_58' title='bbox 1044 1149 1205 1208; x_wconf 90' lang='lat' dir='ltr'>illum</span> <span class='ocrx_word' id='word_1_59' title='bbox 1250 1148 1511 1221; x_wconf 88' lang='lat' dir='ltr'>protulit,</span> <span class='ocrx_word' id='word_1_60' title='bbox 1556 1149 1623 1207; x_wconf 92' lang='lat' dir='ltr'>de</span> <span class='ocrx_word' id='word_1_61' title='bbox 1672 1166 1782 1222; x_wconf 88' lang='lat' dir='ltr'>quo</span> <span class='ocrx_word' id='word_1_62' title='bbox 1825 1150 1974 1208; x_wconf 89' lang='lat' dir='ltr'>idem</span> 
     </span>
     <span class='ocr_line' id='line_1_10' title="bbox 368 1245 1976 1323; baseline -0.001 -16"><span class='ocrx_word' id='word_1_63' title='bbox 368 1249 647 1322; x_wconf 86' lang='lat' dir='ltr'>propheta</span> <span class='ocrx_word' id='word_1_64' title='bbox 675 1247 764 1323; x_wconf 85' lang='lat'>(3)</span> <span class='ocrx_word' id='word_1_65' title='bbox 827 1247 939 1305; x_wconf 90' lang='lat' dir='ltr'>ait:</span> <span class='ocrx_word' id='word_1_66' title='bbox 995 1248 1182 1305; x_wconf 83' lang='lat' dir='ltr'>Terra</span> <span class='ocrx_word' id='word_1_67' title='bbox 1243 1247 1402 1305; x_wconf 63' lang='lat' dir='ltr'>dedit</span> <span class='ocrx_word' id='word_1_68' title='bbox 1458 1245 1718 1316; x_wconf 77' lang='lat' dir='ltr'>fructum</span> <span class='ocrx_word' id='word_1_69' title='bbox 1778 1265 1976 1307; x_wconf 82' lang='lat' dir='ltr'><strong><em>suum.</em></strong></span> 
     </span>
     <span class='ocr_line' id='line_1_11' title="bbox 366 1345 1978 1420; baseline -0.001 -15"><span class='ocrx_word' id='word_1_70' title='bbox 366 1345 636 1420; x_wconf 71' lang='lat' dir='ltr'><strong><em>Abyssus</em></strong></span> <span class='ocrx_word' id='word_1_71' title='bbox 676 1346 847 1404; x_wconf 87' lang='lat' dir='ltr'>etiam</span> <span class='ocrx_word' id='word_1_72' title='bbox 888 1345 976 1404; x_wconf 89' lang='lat' dir='ltr'>est</span> <span class='ocrx_word' id='word_1_73' title='bbox 1016 1346 1201 1403; x_wconf 83' lang='lat' dir='ltr'>Maria</span> <span class='ocrx_word' id='word_1_74' title='bbox 1242 1347 1298 1403; x_wconf 90' lang='lat' dir='ltr'>in</span> <span class='ocrx_word' id='word_1_75' title='bbox 1342 1345 1598 1404; x_wconf 87' lang='lat' dir='ltr'>bonitate</span> <span class='ocrx_word' id='word_1_76' title='bbox 1659 1346 1717 1404; x_wconf 89' lang='lat' dir='ltr'>et</span> <span class='ocrx_word' id='word_1_77' title='bbox 1771 1348 1833 1404; x_wconf 88' lang='lat' dir='ltr'>in</span> <span class='ocrx_word' id='word_1_78' title='bbox 1876 1348 1978 1404; x_wconf 90' lang='lat' dir='ltr'>mi·</span> 
     </span>
     <span class='ocr_line' id='line_1_12' title="bbox 368 1444 1979 1517; baseline 0.001 -14"><span class='ocrx_word' id='word_1_79' title='bbox 368 1444 668 1503; x_wconf 84' lang='lat' dir='ltr'>sericordia</span> <span class='ocrx_word' id='word_1_80' title='bbox 711 1444 1178 1517; x_wconf 83' lang='lat' dir='ltr'>profundissima3</span> <span class='ocrx_word' id='word_1_81' title='bbox 1235 1444 1399 1513; x_wconf 89' lang='lat' dir='ltr'>unde,</span> <span class='ocrx_word' id='word_1_82' title='bbox 1458 1444 1590 1502; x_wconf 91' lang='lat' dir='ltr'>dum</span> <span class='ocrx_word' id='word_1_83' title='bbox 1655 1444 1979 1517; x_wconf 85' lang='lat' dir='ltr'>profundis-</span> 
     </span>
     <span class='ocr_line' id='line_1_13' title="bbox 368 1543 1978 1617; baseline 0.001 -15"><span class='ocrx_word' id='word_1_84' title='bbox 368 1547 566 1603; x_wconf 86' lang='lat' dir='ltr'><strong>simam</strong></span> <span class='ocrx_word' id='word_1_85' title='bbox 596 1545 725 1602; x_wconf 87' lang='lat' dir='ltr'>Filii</span> <span class='ocrx_word' id='word_1_86' title='bbox 755 1546 841 1601; x_wconf 89' lang='lat' dir='ltr'>sui</span> <span class='ocrx_word' id='word_1_87' title='bbox 873 1543 1307 1602; x_wconf 88' lang='lat' dir='ltr'>misericordiam</span> <span class='ocrx_word' id='word_1_88' title='bbox 1352 1560 1454 1616; x_wconf 89' lang='lat' dir='ltr'>pro</span> <span class='ocrx_word' id='word_1_89' title='bbox 1496 1543 1657 1602; x_wconf 90' lang='lat' dir='ltr'>nobis</span> <span class='ocrx_word' id='word_1_90' title='bbox 1697 1544 1978 1617; x_wconf 86' lang='lat' dir='ltr'>interpel-</span> 
     </span>
     <span class='ocr_line' id='line_1_14' title="bbox 365 1642 1978 1717; baseline 0.001 -16"><span class='ocrx_word' id='word_1_91' title='bbox 365 1644 469 1713; x_wconf 88' lang='lat' dir='ltr'>lat,</span> <span class='ocrx_word' id='word_1_92' title='bbox 511 1645 674 1717; x_wconf 84' lang='lat' dir='ltr'>qnasi</span> <span class='ocrx_word' id='word_1_93' title='bbox 716 1644 960 1716; x_wconf 75' lang='lat' dir='ltr'><strong><em>abyssus</em></strong></span> <span class='ocrx_word' id='word_1_94' title='bbox 1001 1642 1279 1716; x_wconf 72' lang='lat' dir='ltr'><strong><em>abyssum</em></strong></span> <span class='ocrx_word' id='word_1_95' title='bbox 1321 1643 1551 1700; x_wconf 78' lang='lat' dir='ltr'>invocat</span> <span class='ocrx_word' id='word_1_96' title='bbox 1578 1643 1689 1717; x_wconf 89' lang='lat'><strong>(4).</strong></span> <span class='ocrx_word' id='word_1_97' title='bbox 1717 1675 1800 1684; x_wconf 91' lang='lat'>—</span> <span class='ocrx_word' id='word_1_98' title='bbox 1842 1643 1978 1702; x_wconf 87' lang='lat' dir='ltr'>Cae-</span> 
     </span>
     <span class='ocr_line' id='line_1_15' title="bbox 365 1740 1980 1816; baseline 0 -15"><span class='ocrx_word' id='word_1_99' title='bbox 365 1744 484 1802; x_wconf 88' lang='lat' dir='ltr'>lum</span> <span class='ocrx_word' id='word_1_100' title='bbox 526 1760 660 1816; x_wconf 82' lang='lat' dir='ltr'>ergo</span> <span class='ocrx_word' id='word_1_101' title='bbox 701 1743 790 1801; x_wconf 86' lang='lat' dir='ltr'>est</span> <span class='ocrx_word' id='word_1_102' title='bbox 829 1742 1029 1810; x_wconf 87' lang='lat' dir='ltr'>Maria,</span> <span class='ocrx_word' id='word_1_103' title='bbox 1072 1740 1228 1799; x_wconf 87' lang='lat' dir='ltr'>terra</span> <span class='ocrx_word' id='word_1_104' title='bbox 1256 1742 1344 1800; x_wconf 88' lang='lat' dir='ltr'>est</span> <span class='ocrx_word' id='word_1_105' title='bbox 1382 1743 1583 1810; x_wconf 85' lang='lat' dir='ltr'>Maria,</span> <span class='ocrx_word' id='word_1_106' title='bbox 1613 1742 1856 1816; x_wconf 85' lang='lat' dir='ltr'><strong><em>abyssus</em></strong></span> <span class='ocrx_word' id='word_1_107' title='bbox 1885 1744 1980 1801; x_wconf 88' lang='lat' dir='ltr'>est</span> 
     </span>
     <span class='ocr_line' id='line_1_16' title="bbox 366 1839 1976 1913; baseline -0.001 -13"><span class='ocrx_word' id='word_1_108' title='bbox 366 1844 567 1900; x_wconf 87' lang='lat' dir='ltr'>Maria.</span> <span class='ocrx_word' id='word_1_109' title='bbox 610 1840 747 1910; x_wconf 84' lang='lat' dir='ltr'>Quis</span> <span class='ocrx_word' id='word_1_110' title='bbox 788 1840 956 1897; x_wconf 90' lang='lat' dir='ltr'>huius</span> <span class='ocrx_word' id='word_1_111' title='bbox 997 1840 1137 1898; x_wconf 85' lang='lat' dir='ltr'>caeli</span> <span class='ocrx_word' id='word_1_112' title='bbox 1178 1839 1557 1909; x_wconf 75' lang='lat' dir='ltr'>altitudinem,</span> <span class='ocrx_word' id='word_1_113' title='bbox 1616 1841 1744 1913; x_wconf 92' lang='lat' dir='ltr'>quis</span> <span class='ocrx_word' id='word_1_114' title='bbox 1800 1840 1976 1900; x_wconf 89' lang='lat' dir='ltr'>huius</span> 
     </span>
     <span class='ocr_line' id='line_1_17' title="bbox 366 1937 1979 2011; baseline 0.001 -14"><span class='ocrx_word' id='word_1_115' title='bbox 366 1941 553 1999; x_wconf 86' lang='lat' dir='ltr'>terrae</span> <span class='ocrx_word' id='word_1_116' title='bbox 594 1938 971 2007; x_wconf 87' lang='lat' dir='ltr'>latitudinem,</span> <span class='ocrx_word' id='word_1_117' title='bbox 1015 1939 1143 2011; x_wconf 90' lang='lat' dir='ltr'>quis</span> <span class='ocrx_word' id='word_1_118' title='bbox 1184 1938 1353 1996; x_wconf 89' lang='lat' dir='ltr'>huius</span> <span class='ocrx_word' id='word_1_119' title='bbox 1390 1938 1580 2011; x_wconf 87' lang='lat' dir='ltr'><strong><em>abyssi</em></strong></span> <span class='ocrx_word' id='word_1_120' title='bbox 1622 1937 1979 2011; x_wconf 84' lang='lat' dir='ltr'>profundita-</span> 
     </span>
     <span class='ocr_line' id='line_1_18' title="bbox 366 2037 1980 2112; baseline -0.001 -15"><span class='ocrx_word' id='word_1_121' title='bbox 366 2039 500 2109; x_wconf 91' lang='lat' dir='ltr'>tem,</span> <span class='ocrx_word' id='word_1_122' title='bbox 542 2041 688 2112; x_wconf 78' lang='lat' dir='ltr'>qniS,</span> <span class='ocrx_word' id='word_1_123' title='bbox 738 2040 985 2111; x_wconf 88' lang='lat' dir='ltr'>inquam,</span> <span class='ocrx_word' id='word_1_124' title='bbox 1029 2037 1242 2095; x_wconf 87' lang='lat' dir='ltr'>Mariae</span> <span class='ocrx_word' id='word_1_125' title='bbox 1284 2038 1723 2095; x_wconf 79' lang='lat' dir='ltr'>immensitatem</span> <span class='ocrx_word' id='word_1_126' title='bbox 1764 2037 1980 2096; x_wconf 90' lang='lat' dir='ltr'>dimen-</span> 
     </span>
     <span class='ocr_line' id='line_1_19' title="bbox 368 2136 1978 2208; baseline -0.001 -11"><span class='ocrx_word' id='word_1_127' title='bbox 368 2155 468 2197; x_wconf 87' lang='lat' dir='ltr'>sus</span> <span class='ocrx_word' id='word_1_128' title='bbox 508 2138 768 2206; x_wconf 71' lang='lat' dir='ltr'>est,‘nisi</span> <span class='ocrx_word' id='word_1_129' title='bbox 810 2138 904 2194; x_wconf 92' lang='lat' dir='ltr'>ille</span> <span class='ocrx_word' id='word_1_130' title='bbox 948 2137 1124 2204; x_wconf 79' lang='lat' dir='ltr'>soluS,</span> <span class='ocrx_word' id='word_1_131' title='bbox 1167 2136 1262 2208; x_wconf 87' lang='lat' dir='ltr'>qui</span> <span class='ocrx_word' id='word_1_132' title='bbox 1305 2137 1487 2208; x_wconf 86' lang='lat' dir='ltr'>ipsam</span> <span class='ocrx_word' id='word_1_133' title='bbox 1529 2152 1642 2194; x_wconf 90' lang='lat' dir='ltr'>non</span> <span class='ocrx_word' id='word_1_134' title='bbox 1686 2137 1872 2195; x_wconf 89' lang='lat' dir='ltr'>solum</span> <span class='ocrx_word' id='word_1_135' title='bbox 1914 2138 1978 2196; x_wconf 89' lang='lat' dir='ltr'>in</span> 
     </span>
     <span class='ocr_line' id='line_1_20' title="bbox 366 2234 1980 2310; baseline -0.001 -16"><span class='ocrx_word' id='word_1_136' title='bbox 366 2236 557 2310; x_wconf 87' lang='lat' dir='ltr'>gratia</span> <span class='ocrx_word' id='word_1_137' title='bbox 595 2236 752 2293; x_wconf 90' lang='lat' dir='ltr'>etin</span> <span class='ocrx_word' id='word_1_138' title='bbox 812 2235 1013 2308; x_wconf 84' lang='lat' dir='ltr'>gloria,</span> <span class='ocrx_word' id='word_1_139' title='bbox 1078 2234 1175 2292; x_wconf 92' lang='lat' dir='ltr'>sed</span> <span class='ocrx_word' id='word_1_140' title='bbox 1240 2235 1409 2292; x_wconf 87' lang='lat' dir='ltr'>etiam</span> <span class='ocrx_word' id='word_1_141' title='bbox 1472 2235 1530 2291; x_wconf 92' lang='lat' dir='ltr'>in</span> <span class='ocrx_word' id='word_1_142' title='bbox 1589 2235 1980 2293; x_wconf 82' lang='lat' dir='ltr'>misericordia</span> 
     </span>
     <span class='ocr_line' id='line_1_21' title="bbox 366 2331 1981 2405; baseline -0.001 -12"><span class='ocrx_word' id='word_1_143' title='bbox 366 2336 486 2393; x_wconf 88' lang='lat' dir='ltr'>tam</span> <span class='ocrx_word' id='word_1_144' title='bbox 527 2335 887 2402; x_wconf 85' lang='lat' dir='ltr'>altissimam,</span> <span class='ocrx_word' id='word_1_145' title='bbox 930 2333 1050 2391; x_wconf 88' lang='lat' dir='ltr'>tam</span> <span class='ocrx_word' id='word_1_146' title='bbox 1090 2332 1448 2402; x_wconf 88' lang='lat' dir='ltr'>latissimam,</span> <span class='ocrx_word' id='word_1_147' title='bbox 1492 2331 1610 2389; x_wconf 83' lang='lat' dir='ltr'>tam</span> <span class='ocrx_word' id='word_1_148' title='bbox 1655 2331 1981 2405; x_wconf 87' lang='lat' dir='ltr'>profundis-</span> 
     </span>
     <span class='ocr_line' id='line_1_22' title="bbox 368 2431 1979 2506; baseline -0.001 -13"><span class='ocrx_word' id='word_1_149' title='bbox 368 2436 567 2493; x_wconf 89' lang='lat' dir='ltr'>simam</span> <span class='ocrx_word' id='word_1_150' title='bbox 609 2434 877 2506; x_wconf 85' lang='lat' dir='ltr'>operatus</span> <span class='ocrx_word' id='word_1_151' title='bbox 926 2431 1056 2490; x_wconf 81' lang='lat' dir='ltr'>est?</span> <span class='ocrx_word' id='word_1_152' title='bbox 1115 2431 1275 2489; x_wconf 90' lang='lat' dir='ltr'>Unde</span> <span class='ocrx_word' id='word_1_153' title='bbox 1339 2431 1659 2504; x_wconf 82' lang='lat' dir='ltr'>specialiter</span> <span class='ocrx_word' id='word_1_154' title='bbox 1719 2432 1788 2490; x_wconf 91' lang='lat' dir='ltr'>de</span> <span class='ocrx_word' id='word_1_155' title='bbox 1851 2435 1979 2491; x_wconf 88' lang='lat' dir='ltr'>eius</span> 
     </span>
     <span class='ocr_line' id='line_1_23' title="bbox 369 2529 1981 2605; baseline -0.001 -14"><span class='ocrx_word' id='word_1_156' title='bbox 369 2533 748 2592; x_wconf 82' lang='lat' dir='ltr'>misericordia</span> <span class='ocrx_word' id='word_1_157' title='bbox 775 2531 859 2589; x_wconf 88' lang='lat' dir='ltr'>ait</span> <span class='ocrx_word' id='word_1_158' title='bbox 884 2531 1085 2590; x_wconf 89' lang='lat' dir='ltr'>beatus</span> <span class='ocrx_word' id='word_1_159' title='bbox 1113 2530 1439 2589; x_wconf 87' lang='lat' dir='ltr'>Bernardus</span> <span class='ocrx_word' id='word_1_160' title='bbox 1469 2530 1593 2605; x_wconf 82' lang='lat'>(5):</span> <span class='ocrx_word' id='word_1_161' title='bbox 1647 2553 1677 2582; x_wconf 68' lang='grc' dir='ltr'><strong>α</strong></span> <span class='ocrx_word' id='word_1_162' title='bbox 1706 2529 1847 2600; x_wconf 81' lang='lat' dir='ltr'>Quis</span> <span class='ocrx_word' id='word_1_163' title='bbox 1878 2533 1981 2589; x_wconf 91' lang='lat' dir='ltr'>mi·</span> 
     </span>
    </p>
   </div>
   <div class='ocr_carea' id='block_1_3' title="bbox 368 2653 688 2661">
    <p class='ocr_par' dir='ltr' id='par_1_3' title="bbox 368 2653 688 2661">
     <span class='ocr_line' id='line_1_24' title="bbox 368 2653 688 2661; baseline 0 820"><span class='ocrx_word' id='word_1_164' title='bbox 368 2653 688 2661; x_wconf 95' lang='lat' dir='ltr'> </span> 
     </span>
    </p>
   </div>
   <div class='ocr_carea' id='block_1_4' title="bbox 489 2698 1975 3007">
    <p class='ocr_par' dir='ltr' id='par_1_4' title="bbox 496 2698 1717 2762">
     <span class='ocr_line' id='line_1_25' title="bbox 496 2698 1717 2762; baseline -0.004 -12"><span class='ocrx_word' id='word_1_165' title='bbox 496 2704 540 2762; x_wconf 90' lang='lat'>1)</span> <span class='ocrx_word' id='word_1_166' title='bbox 576 2703 652 2749; x_wconf 81' lang='lat' dir='ltr'>Ita</span> <span class='ocrx_word' id='word_1_167' title='bbox 685 2702 750 2756; x_wconf 70' lang='lat' dir='ltr'>A:</span> <span class='ocrx_word' id='word_1_168' title='bbox 787 2700 876 2748; x_wconf 89' lang='lat' dir='ltr'>BC</span> <span class='ocrx_word' id='word_1_169' title='bbox 908 2702 959 2747; x_wconf 88' lang='lat' dir='ltr'>et</span> <span class='ocrx_word' id='word_1_170' title='bbox 992 2698 1223 2746; x_wconf 81' lang='lat' dir='ltr'>Vaticana</span> <span class='ocrx_word' id='word_1_171' title='bbox 1257 2698 1434 2745; x_wconf 84' lang='lat' dir='ltr'>habent</span> <span class='ocrx_word' id='word_1_172' title='bbox 1465 2700 1717 2745; x_wconf 81' lang='lat' dir='ltr'>claritate.</span> 
     </span>
    </p>

    <p class='ocr_par' dir='ltr' id='par_1_5' title="bbox 489 2779 1975 2925">
     <span class='ocr_line' id='line_1_26' title="bbox 489 2779 1975 2844; baseline -0.001 -14"><span class='ocrx_word' id='word_1_173' title='bbox 489 2785 540 2844; x_wconf 82' lang='lat'>2)</span> <span class='ocrx_word' id='word_1_174' title='bbox 576 2784 749 2830; x_wconf 81' lang='lat' dir='ltr'>Psalm.</span> <span class='ocrx_word' id='word_1_175' title='bbox 788 2782 894 2840; x_wconf 84' lang='lat'>102,</span> <span class='ocrx_word' id='word_1_176' title='bbox 933 2781 1007 2830; x_wconf 85' lang='lat'>19.</span> <span class='ocrx_word' id='word_1_177' title='bbox 1510 2779 1558 2839; x_wconf 89' lang='grc'>3)</span> <span class='ocrx_word' id='word_1_178' title='bbox 1594 2780 1768 2827; x_wconf 83' lang='lat' dir='ltr'>Psalm.</span> <span class='ocrx_word' id='word_1_179' title='bbox 1806 2781 1889 2841; x_wconf 88' lang='grc'>66,</span> <span class='ocrx_word' id='word_1_180' title='bbox 1926 2782 1975 2828; x_wconf 86' lang='grc'>7.</span> 
     </span>
     <span class='ocr_line' id='line_1_27' title="bbox 491 2864 949 2925; baseline -0.007 -13"><span class='ocrx_word' id='word_1_181' title='bbox 491 2866 541 2925; x_wconf 87' lang='grc'>4)</span> <span class='ocrx_word' id='word_1_182' title='bbox 578 2866 752 2912; x_wconf 83' lang='lat' dir='ltr'>Psalm.</span> <span class='ocrx_word' id='word_1_183' title='bbox 787 2864 866 2922; x_wconf 87' lang='lat'>41,</span> <span class='ocrx_word' id='word_1_184' title='bbox 902 2864 949 2910; x_wconf 91' lang='lat'>8.</span> 
     </span>
    </p>

    <p class='ocr_par' dir='ltr' id='par_1_6' title="bbox 491 2941 1593 3007">
     <span class='ocr_line' id='line_1_28' title="bbox 491 2941 1593 3007; baseline -0.005 -15"><span class='ocrx_word' id='word_1_185' title='bbox 491 2949 540 3007; x_wconf 89' lang='lat'>5)</span> <span class='ocrx_word' id='word_1_186' title='bbox 575 2947 722 2994; x_wconf 87' lang='lat' dir='ltr'>Serm.</span> <span class='ocrx_word' id='word_1_187' title='bbox 757 2946 804 2992; x_wconf 88' lang='lat'>4.</span> <span class='ocrx_word' id='word_1_188' title='bbox 840 2945 896 2992; x_wconf 92' lang='lat' dir='ltr'>de</span> <span class='ocrx_word' id='word_1_189' title='bbox 928 2944 1140 2992; x_wconf 87' lang='lat' dir='ltr'>Assumt.</span> <span class='ocrx_word' id='word_1_190' title='bbox 1174 2943 1229 2989; x_wconf 92' lang='grc' dir='ltr'>Β.</span> <span class='ocrx_word' id='word_1_191' title='bbox 1267 2942 1331 2989; x_wconf 88' lang='lat' dir='ltr'>M.</span> <span class='ocrx_word' id='word_1_192' title='bbox 1368 2943 1424 2989; x_wconf 87' lang='lat' dir='ltr'>V.</span> <span class='ocrx_word' id='word_1_193' title='bbox 1462 2955 1509 2988; x_wconf 91' lang='lat' dir='ltr'>n.</span> <span class='ocrx_word' id='word_1_194' title='bbox 1547 2941 1593 2988; x_wconf 90' lang='grc'>8.</span> 
     </span>
    </p>
   </div>
   <div class='ocr_carea' id='block_1_5' title="bbox 108 3027 483 3379">
    <p class='ocr_par' dir='ltr' id='par_1_7' title="bbox 108 3027 483 3379">
     <span class='ocr_line' id='line_1_29' title="bbox 108 3027 483 3379; baseline 0 102"><span class='ocrx_word' id='word_1_195' title='bbox 108 3027 483 3379; x_wconf 95' lang='lat' dir='ltr'> </span> 
     </span>
    </p>
   </div>
  </div>
 </body>
</html>
