2237 3481
376 258 453 318 66
590 250 593 253 ’
778 340 781 343 ¹
883 276 1174 319 srucumm
1214 278 1264 318 B.
1311 277 1376 318 u.
1418 278 1475 319 v.

371 482 485 524 non
527 467 830 533 masculae,
884 467 980 525 sed
1042 466 1266 536 femina,
1330 485 1443 526 non
1505 469 1612 537 vir,
1657 470 1753 527 sed
1816 471 1984 543 virgo

370 564 630 637 protulit.
677 565 921 638 Propter
964 567 1111 639 quod
1155 566 1293 624 bene
1335 567 1697 641 Augustinus
1728 566 1817 643 (1)
1863 570 1951 628 ait
1967 580 1987 627 ε·

382 685 412 714 α
438 661 636 722 Electa
676 663 765 721 est
812 665 972 737 virgo
1016 664 1215 734 mater,
1244 681 1388 737 quae
1430 665 1550 745 sine
1591 668 1986 739 concupiscen-

372 760 455 820 tia
494 763 682 820 carnis
725 758 1040 835 conciperet
1079 780 1304 821 carnem
1334 762 1392 821 et
1434 765 1554 822 sine
1581 765 1704 823 viro
1751 768 1986 838 pareret

377 861 562 918 virum
590 883 648 918 ».

535 958 750 1029 Quarto
791 960 1224 1029 consideremuS,
1267 961 1563 1029 carissimi,
1604 960 1828 1034 gratiae
1858 962 1986 1020 Ma-

370 1058 489 1116 riae
528 1058 880 1128 utilitatem;
920 1058 986 1116 de
1028 1058 1135 1117 hac
1162 1058 1370 1117 dicitur
1410 1058 1845 1119 Proverbiorum
1875 1077 1987 1118 un-

372 1158 582 1216 decimo
612 1157 733 1232 (2):
785 1156 1014 1215 Mulier
1059 1158 1332 1231 ,qratiosa
1391 1159 1645 1216 inveniet
1700 1159 1985 1232 yloriam.

372 1256 529 1325 Ecce,
572 1255 797 1314 utilitas
836 1255 1058 1329 gratiae
1098 1256 1385 1329 gratiosae
1428 1256 1642 1314 Mariae
1672 1257 1761 1315 est
1788 1258 1986 1316 inven-

372 1356 452 1414 tio
491 1356 705 1428 gloriae
747 1354 1071 1427 perpetuae.
1100 1355 1418 1413 Utilissima
1446 1355 1597 1414 certe
1639 1355 1748 1414 fuit
1787 1357 1986 1429 gratia

371 1453 586 1512 Mariae
627 1452 685 1511 et
726 1447 832 1512 sibi
874 1454 983 1526 ipsi
1045 1453 1103 1511 et
1153 1453 1333 1511 nobie.
1390 1453 1591 1511 Gratia
1643 1455 1790 1512 enim
1846 1454 1987 1513 deli-

372 1553 611 1626 ciosam,
652 1553 843 1627 gratia
903 1551 1342 1625 miraculosam,
1406 1552 1597 1626 gratia
1653 1553 1985 1626 yloriosam

373 1651 504 1713 fecit
547 1653 817 1710 Mariam:
861 1652 1177 1710 deliciosam
1221 1653 1278 1708 in
1321 1653 1526 1721 animo,
1582 1653 1984 1712 miraculosam

372 1756 433 1812 in
475 1754 636 1822 Filio,
677 1752 981 1826 gloriosam
1024 1752 1082 1808 in
1127 1767 1331 1825 regn03
1376 1751 1637 1811 deliciosa
1678 1752 1830 1809 certe
1871 1751 1987 1810 fuit

372 1853 556 1910 Maria
597 1852 655 1909 in
717 1850 903 1908 mente
959 1849 1264 1922 spirituali,
1329 1850 1667 1908 miraculosa
1716 1850 1776 1907 in
1821 1851 1985 1923 prole

375 1950 658 2024 virginali,
701 1949 950 2021 gloriosa
990 1949 1049 2005 in
1089 1946 1404 2005 diademate
1444 1947 1739 2006 aeternali.
1779 1947 1987 2008 Gratia

374 2065 508 2123 ergo
550 2048 793 2106 mentem
835 2046 893 2104 et
933 2047 1179 2104 animam
1221 2046 1435 2103 Mariae
1470 2045 1603 2104 fecit
1642 2045 1985 2105 deliciosam

350 2148 586 2220 ,deliciis
649 2145 1060 2218 spiritualibus,
1124 2143 1398 2217 tanquam
1463 2144 1821 2216 spiritualem
1877 2145 1985 2203 Dei

373 2248 489 2305 vivi
533 2245 877 2318 paradisum,
920 2243 1079 2301 iuxta
1121 2243 1261 2300 illud
1303 2242 1682 2301 Ecclesiastici
1735 2242 1988 2315 quadra-

374 2346 587 2419 gesimo
618 2343 739 2418 (3):
790 2341 1009 2401 Gratia
1067 2342 1219 2399 sicat
1253 2340 1589 2414 ,paradisus
1647 2342 1710 2399 in
1760 2341 1990 2401 benedi·

377 2443 684 2502 ctionibus.
728 2441 871 2500 Vere
903 2440 1230 2513 paradisus
1272 2439 1375 2497 Dei
1416 2438 1528 2497 fuit
1566 2439 1750 2497 Maria
1791 2441 1851 2497 in
1896 2440 1990 2499 be·

381 2607 695 2617 ——.———

504 2714 548 2773 1)
587 2710 749 2759 Potius
772 2725 909 2758 serm.
933 2710 976 2757 7.
1001 2709 1112 2769 (int.
1136 2722 1277 2769 opera
1301 2707 1591 2769 Ildephonsi)
1610 2706 1736 2755 circa
1760 2707 2006 2758 medium..

377 2794 474 2842 Cfr.
521 2793 665 2841 etiam
699 2791 872 2839 Homil.
907 2791 990 2838 111.
1026 2789 1076 2837 in
1109 2790 1227 2837 Nat.
1273 2791 1328 2836 B.
1365 2789 1430 2836 M.
1455 2789 1513 2836 V.
1544 2787 1693 2848 (inter
1726 2802 1870 2848 opera
1903 2790 1986 2837 Al-

375 2874 521 2934 cuini)
557 2875 665 2934 post
695 2873 912 2921 medium.

500 2958 550 3017 2)
585 2956 720 3003 Vers.
761 2955 836 3001 16.
1639 2950 1688 3012 3)
1723 2951 1864 3000 Vei-s.
1906 2952 1986 3001 17.

392 3113 397 3118 .
414 3107 455 3142 zm*
