2237 3481
395 243 510 301 180
899 259 1190 301 SPECULUM
1233 261 1284 300 B.
1328 260 1391 300 M.
1433 260 1489 301 v.

392 448 587 521 Aufer
627 450 958 524 rubiyine‘m
998 451 1067 509 de
1109 453 1369 524 amente,
1425 452 1481 508 et
1519 449 1844 524 eyredietur
1890 467 2004 509 vas

386 549 795 621 purissimum.
863 548 1100 622 Rubiyo
1162 548 1358 606 ablata
1419 548 1530 606 fuit
1599 550 1669 607 de
1730 551 2004 622 arqento,

392 648 616 721 quando
673 647 746 705 ab
801 647 1064 721 originali
1120 647 1346 720 peccato
1407 647 1591 705 Maria
1640 646 2004 705 sanctificata

392 746 504 804 fuit
544 748 602 804 in
646 746 825 816 utero,
868 747 927 804 et
965 746 1117 804 certe
1159 746 1239 804 sic
1294 762 1524 820 egressa
1577 745 1667 803 est
1706 744 1857 804 sicut
1894 762 2004 805 vas

381 844 794 916 purissimum.
836 844 945 903 Hic
985 843 1447 918 distinguendum
1489 842 1579 902 est
1620 859 1722 901 vas
1752 860 2000 916 purum,

392 960 495 1002 vas
552 943 794 1015 purius,
850 958 952 1000 vas
1001 943 1413 1014 purissimum.
1478 941 1598 999 Vas
1646 958 1877 1013 purum
1939 942 2002 998 in

391 1058 622 1115 egressu
664 1040 774 1099 fuit
814 1041 1148 1114 quicumque
1188 1057 1255 1098 ex
1282 1039 1444 1099 utero
1486 1040 1567 1097 sic
1607 1038 2004 1097 sanctificatus

394 1139 685 1212 processit,
747 1139 894 1212 quod
957 1139 1145 1197 tamen
1212 1138 1386 1198 fomes
1447 1137 1565 1195 tam
1627 1137 1699 1195 ad
1757 1137 2002 1197 morssale

392 1254 559 1310 quam
602 1238 674 1295 ad
715 1237 934 1295 veniale
965 1236 1252 1309 peccatum
1282 1238 1341 1294 in
1369 1237 1491 1309 ipso
1529 1236 1821 1304 remansit,
1851 1236 2004 1294 sicut

395 1336 622 1409 quidam
653 1334 742 1412 (1)
786 1335 980 1393 dicunt
1022 1334 1197 1393 fuisse
1239 1335 1295 1392 in
1338 1334 1592 1392 Ieremia.
1637 1333 1755 1393 Vas
1805 1334 2000 1391 autem

389 1436 611 1507 purius
653 1435 711 1492 in
753 1450 982 1507 egressu
1038 1433 1150 1492 fuit
1204 1434 1535 1506 quicumque
1577 1450 1643 1490 ex
1697 1431 1863 1491 utero
1919 1433 2002 1491 sic

394 1532 784 1591 sanctificatus
826 1532 1118 1605 processit,
1180 1531 1327 1605 quod
1383 1532 1440 1588 in
1498 1532 1621 1603 ipso
1664 1530 1863 1599 fomeS,
1920 1548 2004 1590 se·

286 1666 293 1671 -
394 1632 634 1691 cundum
678 1631 824 1704 quod
864 1631 1127 1689 ductivus
1169 1631 1258 1688 est
1297 1630 1369 1687 ad
1423 1629 1678 1688 effectum
1738 1627 2003 1689 morssalis

395 1729 627 1804 peccati,
671 1728 984 1788 exstinctus
1026 1728 1154 1799 fuit,
1198 1729 1294 1787 sed
1333 1728 1405 1787 ad
1448 1728 1665 1787 veniale
1701 1729 2002 1799 remansit,

397 1828 545 1888 sicut
586 1831 645 1886 in
687 1829 851 1888 beato
891 1828 1105 1887 Ioanne
1147 1827 1431 1900 Baptista,
1461 1828 1529 1886 de
1557 1844 1667 1901 quo
1707 1827 1866 1886 canit
1891 1828 2002 1887 Ec-

394 1930 564 1987 clesia
595 1928 716 2003 (2):
769 1950 798 1979 α
826 1927 914 1985 Ne
953 1928 1065 1986 levi
1107 1927 1309 1985 saltem
1373 1927 1658 1985 maculare
1698 1926 1879 1985 vitam
1921 1927 2003 1985 fa-

395 2028 543 2085 mine
586 2026 778 2099 posset
807 2025 897 2101 (3)
927 2049 984 2083 ».
1026 2025 1145 2085 Vas
1202 2041 1333 2084 vero
1374 2025 1434 2082 in
1475 2040 1706 2098 egressu
1745 2026 2004 2097 purissi-

394 2143 551 2183 mum
594 2124 761 2183 beata
788 2125 964 2197 Virgo
993 2124 1120 2193 fuit,
1151 2141 1294 2198 quae
1323 2140 1389 2181 ex
1430 2123 1593 2183 utero
1634 2124 1714 2182 sic
1752 2123 2003 2182 sanctifi-

394 2224 523 2281 cata
564 2223 857 2295 processit,
899 2221 1046 2296 quod
1086 2223 1146 2279 in
1187 2239 1271 2290 ea,
1314 2220 1381 2280 ut
1406 2220 1672 2290 creditur,
1716 2220 1895 2280 fomes
1929 2222 2004 2280 ad

524 2447 568 2505 l)
604 2445 720 2492 Vide
753 2446 950 2501 Bonav.‚
985 2444 1068 2491 ΙΙΙ.
1104 2443 1237 2491 Senia.
1273 2444 1320 2490 d.
1358 2443 1403 2490 3.
1439 2457 1485 2502 p.
1520 2443 1559 2490 1.
1595 2456 1642 2489 a.
1683 2442 1726 2489 1.
1763 2457 1810 2501 q.
1851 2445 1897 2491 3.

518 2528 567 2586 2)
604 2525 817 2572 Breviar.
854 2524 903 2571 in
939 2525 1061 2572 festo
1093 2524 1143 2571 S.
1179 2525 1308 2571 Ioan.
1345 2524 1509 2582 Bapt„
1533 2524 1705 2582 Hymn.
1735 2525 1797 2571 ad
1821 2525 2003 2573 Matut.

394 2610 506 2655 ante
539 2607 933 2661 emendationem3
970 2620 1092 2653 nunc
1124 2605 1326 2664 legitur:
1378 2624 1402 2650 ‹
1425 2605 1496 2651 Ne
1527 2604 1620 2651 levi
1651 2618 1814 2664 posses
1848 2620 2006 2654 macu—

394 2691 494 2736 lare
527 2688 675 2735 vitam
709 2686 912 2734 Crimine
946 2686 1138 2745 linguae
1158 2703 1205 2734 ›.
1239 2713 1301 2721 —
1333 2687 1546 2746 Hymnus
1578 2684 1672 2732 iste
1709 2685 2006 2735 attribuitur

396 2771 541 2817 Paulo
574 2769 797 2816 Diacono.

521 2850 568 2908 3)
606 2848 878 2907 Forcellini‚
923 2846 1125 2896 Lexicon
1169 2850 1290 2896 etc.:
1335 2867 1359 2893 ‹
1379 2849 1584 2905 Famm,
1619 2848 1811 2896 verbale
1844 2863 1873 2895 a
1907 2850 2004 2909 for,

330 2978 339 2979 ἶ
395 2929 542 2985 faris;
580 2931 788 2989 verbum,
825 2943 974 2976 sermo
996 2946 1043 2976 ».
