2237 3481
251 2988 337 3075 *¹⁵

348 3084 363 3103 ο,

356 3106 387 3121 ·-,

395 247 470 307 76
568 283 575 292 ·
899 266 1192 310 specuum
1232 270 1285 311 B.
1327 268 1390 311 M.
1432 271 1488 312 v.

390 458 447 514 in
493 457 879 517 benevolentia
923 460 1207 532 piissima3
1250 478 1386 534 erga
1427 462 1626 531 Deum,
1657 464 1714 519 in
1744 463 1994 522 devotis-

391 558 533 615 sima
572 558 907 615 reverentia.
950 558 1098 616 Hinc
1140 559 1245 628 est,
1289 561 1436 632 quod
1477 560 1726 632 Spiritus
1755 561 1992 619 sanctus

389 656 630 713 Mariam
674 673 773 728 per
800 657 1024 715 domum
1061 657 1218 714 illam
1250 659 1774 717 convenientissime
1802 660 1991 733 signa·

388 754 490 823 vit,
534 772 701 828 quam
732 755 849 813 'sibi
886 753 1193 827 Sapientia
1220 757 1472 815 increata
1502 755 1590 832 (1)
1619 774 1751 815 cwm
1778 760 1994 830 septem

385 853 674 911 columnis
715 853 928 925 septem
972 853 1245 912 donorum
1288 855 1537 927 Spiritus
1579 855 1759 914 sancti
1812 857 1995 914 excel-

386 951 701 1010 lentissime
742 951 1061 1010 aedificavit
1093 952 1204 1026 (2).
1249 952 1591 1027 Quicumque
1621 971 1756 1028 ergo
1784 955 1992 1013 colum-

387 1067 493 1107 nas
533 1050 781 1122 Spiritus
823 1050 1007 1109 sancti
1048 1051 1295 1124 coeperit
1335 1052 1669 1120 desiderare,
1712 1054 1835 1125 ipse
1882 1051 1995 1112 for-

387 1165 535 1206 mam
584 1149 970 1208 columnarum
1015 1151 1073 1207 in
1114 1150 1229 1208 ista
1269 1151 1430 1210 domo
1481 1151 1692 1224 poterit
1738 1152 1996 1211 conside-

387 1264 545 1317 rare;
588 1248 709 1321 ipse
749 1248 917 1305 etiam
961 1250 1019 1306 in
1063 1250 1224 1307 domo
1280 1250 1392 1307 ista
1445 1250 1720 1308 artificem
1778 1250 1995 1322 poterit

383 1346 654 1415 invenire,
711 1364 879 1419 quam
943 1364 1045 1420 pro
1108 1349 1382 1407 columnis
1444 1347 1761 1408 huiusmodi
1824 1348 1996 1407 debet

384 1460 512 1503 cum
555 1446 777 1517 magnis
817 1445 1106 1504 desideriis
1150 1447 1207 1503 et
1250 1447 1507 1519 precibus
1546 1448 1862 1506 convenire.
1905 1447 1995 1505 Si-

384 1542 596 1601 militer
656 1545 987 1617 quicumque
1050 1543 1431 1616 septiformem
1495 1544 1742 1617 Spiritus
1805 1545 1994 1603 sancti

380 1641 630 1715 gratiam
690 1641 923 1715 adipisci
983 1642 1292 1712 desiderat,
1355 1644 1477 1716 ipse
1545 1643 1740 1703 florem
1810 1644 1995 1717 Spiri-

386 1738 481 1799 tus
524 1740 705 1799 sancti
755 1742 813 1798 in
868 1743 1031 1815 virga
1092 1742 1349 1815 quaerat.
1408 1743 1518 1801 Per
1560 1744 1781 1817 virgam
1837 1745 1991 1802 enim

383 1839 455 1896 ad
497 1838 709 1908 florem,
754 1855 853 1911 per
895 1839 1085 1898 florem
1131 1839 1202 1897 ad
1244 1841 1510 1912 spiritum
1539 1842 1596 1899 in
1625 1842 1749 1913 ipso
1779 1842 1994 1914 requie-

384 1936 628 1995 scentem
672 1939 1049 2010 pervenimuS,
1091 1937 1225 1996 dum
1267 1956 1367 2012 per
1422 1940 1662 1997 Mariam
1710 1939 1782 1997 ad
1832 1939 1995 1998 chri-

384 2035 535 2094 stum
578 2036 891 2095 accedimus
932 2036 990 2094 et
1031 2054 1132 2110 per
1175 2036 1467 2095 Christum
1508 2039 1755 2111 Spiritus
1803 2039 1995 2097 sancti

381 2136 630 2208 gratiam
671 2136 1007 2196 invenimus,
1049 2136 1294 2208 Propter
1351 2137 1497 2208 quod
1553 2136 1693 2195 bene
1745 2137 1994 2196 Mariam

381 2234 674 2307 alloquens
715 2233 916 2293 beatus
958 2235 1284 2292 Bernardus
1316 2234 1404 2309 (3)
1449 2237 1562 2293 ait:
1616 2258 1646 2286 α
1676 2235 1784 2293 Per
1814 2235 1871 2293 te
1900 2253 1992 2295 ac·

381 2348 599 2390 cessum
641 2331 913 2391 habemus
943 2333 1013 2390 ad
1042 2333 1271 2406 Filium,
1302 2350 1333 2392 o
1373 2333 1663 2392 benedicta
1699 2334 1995 2394 inventrix

378 2431 618 2505 gratiae,
653 2432 901 2505 genitrix
945 2432 1114 2502 vitae,
1147 2433 1329 2490 mater
1384 2433 1606 2502 salutiS‚
1650 2433 1717 2491 ut
1773 2450 1876 2506 per
1931 2435 1995 2494 te

382 2530 656 2602 suscipiat
696 2546 799 2589 nos
842 2531 936 2604 qui
980 2547 1080 2603 per
1122 2530 1179 2589 te
1220 2531 1391 2589 datus
1432 2532 1522 2590 est
1577 2532 1739 2591 nobis
1767 2556 1824 2589 ».

509 2780 554 2840 1)
591 2781 630 2827 A
670 2782 960 2828 incarnata.

505 2862 554 2922 2)
592 2863 730 2910 Prov.
765 2863 813 2922 9,
853 2862 898 2910 1.

507 2944 555 3005 3)
591 2943 738 2991 Serm.
775 2944 822 2991 2.
859 2944 916 2990 de
948 2944 1151 2992 Advent.
1187 2944 1316 2991 Dom.
1352 2957 1401 2991 n.
1436 2944 1484 2992 5.
