2237 3481
116 2851 325 2942 ι’-ὰμ-’ἱ

346 2961 351 2968 .

427 271 504 329 50
932 287 1222 330 SPECULUM
1263 287 1312 329 B.
1358 288 1420 328 M.
1465 288 1521 331 v.

425 481 513 538 sui
554 482 870 554 passionem
902 482 1018 539 sive
1046 480 1284 540 mortem
1315 480 1618 554 significat.
1648 480 1883 539 Gladius
1912 498 2024 540 cor·

423 579 637 652 poralis
663 581 909 637 animam
940 596 1039 637 nec
1068 580 1311 638 occidere
1341 580 1528 651 potest
1569 596 1669 638 nec
1698 579 2022 650 vulnerare3

424 680 504 736 sic
542 678 871 736 acutissima
915 677 1129 735 Christi
1172 678 1379 749 passio,
1420 677 1554 735 licet
1608 679 1853 735 animam
1910 678 2025 736 Ma·

422 779 539 836 riae
582 794 682 850 per
724 777 1164 849 compassionem
1184 777 1594 849 pertransivit,
1622 778 1804 849 ipsam
1835 778 2024 834 tamen

424 894 525 935 neo
566 894 665 949 per
708 877 894 935 odium
938 875 1138 934 occidit
1178 892 1292 945 neo,
1321 892 1419 947 per
1454 875 1870 947 impatientiam
1901 876 2027 933 vul-

422 977 665 1034 neravit.
708 976 891 1032 Maria
931 976 1076 1032 enim
1129 973 1517 1032 interfectores
1574 975 1703 1032 Filii
1759 976 1846 1032 sui
1888 992 2029 1032 nun-

422 1091 592 1148 quam
637 1074 829 1141 odivit,
874 1089 1162 1145 nunquam
1207 1072 1405 1130 contra
1446 1088 1539 1130 eos
1567 1072 1870 1144 impatiens
1898 1072 2027 1130 fuit.

428 1168 580 1230 Nam
624 1173 672 1229 si
713 1172 810 1229 alii
874 1171 1154 1244 martyres
1216 1169 1614 1242 patientissimi
1676 1170 1907 1228 fuerunt
1966 1173 2027 1228 in

426 1270 698 1344 martyrio
740 1286 840 1328 suo
882 1269 1179 1341 corporali,
1221 1268 1435 1341 quanto
1479 1270 1659 1342 magis
1687 1269 1908 1342 martyr
1935 1285 2031 1327 no-

428 1369 552 1427 stra
592 1369 775 1426 Maria
817 1371 875 1426 in
917 1368 1190 1441 martyrio
1234 1384 1334 1425 suo
1377 1367 1705 1439 spirituali?
1746 1367 1827 1425 De
1868 1370 2031 1427 cuius

424 1468 600 1528 nobili
641 1467 914 1540 martyrio
956 1467 1335 1539 Hieronymus
1366 1464 1456 1541 (1)
1501 1465 1614 1523 ait:
1669 1488 1697 1517 «
1728 1466 1871 1535 Quia
1913 1468 2033 1540 spi-

425 1566 712 1624 ritualiter
740 1565 797 1623 et
825 1565 1072 1623 atrocius
1097 1564 1186 1637 (2)
1219 1580 1389 1636 passa
1417 1563 1505 1621 est
1528 1564 1717 1637 gladio
1747 1566 2030 1637 passionis

426 1664 657 1734 Christi,
689 1664 818 1737 plus
861 1680 1028 1736 quam
1073 1662 1291 1735 martyr
1333 1661 1442 1719 fuit
1468 1685 1526 1719 >›.
1555 1661 1601 1720 O
1631 1663 1773 1720 mira
1814 1662 2031 1722 Mariae

426 1763 703 1837 patientia
743 1764 801 1821 et
840 1762 1230 1831 mansuetudo,
1272 1778 1414 1834 quae
1453 1778 1566 1821 non
1605 1762 1785 1820 solum
1816 1763 2033 1835 patien-

425 1861 649 1920 tissima
689 1861 816 1930 fuit,
859 1862 990 1919 dum
1032 1877 1220 1919 coram
1262 1862 1387 1932 ipsa
1429 1860 1608 1918 Filius
1649 1862 1769 1918 eius
1809 1847 2035 1919 crucifi-

423 1960 674 2034 geretur,
718 1960 813 2017 sed
855 1959 1025 2017 etiam
1068 1959 1200 2016 dum
1244 1959 1377 2015 ante
1433 1958 1847 2018 crucifixionem
1903 1976 2033 2032 pro-

428 2060 557 2132 pter
596 2060 777 2132 ipsam
820 2057 1000 2115 Filius
1041 2057 1161 2115 eius
1201 2055 1661 2127 vilipenderetur,
1705 2058 1852 2115 siout
1894 2057 2036 2115 dici-

425 2157 524 2215 tur
564 2157 741 2214 Marci
784 2156 941 2215 sexto
964 2155 1085 2230 (3):
1133 2155 1345 2213 Nonne
1387 2155 1486 2213 hic
1526 2158 1611 2212 est
1649 2153 1839 2228 faber,
1865 2155 2039 2226 filius

426 2252 712 2313 Mariae?
755 2255 864 2311 Ubi
907 2254 1037 2326 post
1078 2270 1257 2325 pauca
1300 2254 1584 2326 sequitur:
1629 2256 1684 2311 et
1729 2253 2039 2313 scandali-

425 2354 722 2411 zabantur
761 2354 827 2410 in
867 2369 949 2409 60.
992 2352 1072 2410 Re
1115 2368 1249 2409 vera
1290 2350 1447 2409 faber
1488 2351 1577 2409 est
1620 2351 1901 2421 ChristuS,
1934 2353 2038 2411 sed

428 2453 525 2526 qui
563 2449 894 2521 fabricatus
953 2453 1039 2508 est
1096 2467 1382 2508 auroram
1425 2454 1479 2507 et
1538 2450 1715 2508 solem
1747 2450 1858 2525 (4).
1902 2451 2039 2510 Heu

426 2567 595 2624 quam
633 2550 802 2623 longe
846 2567 881 2607 a
920 2550 1112 2622 gratia
1155 2549 1485 2607 mitissimae
1527 2548 1739 2607 Mariae
1770 2549 1908 2607 sunt
1936 2552 2042 2623 qui

432 2704 749 2714 ———

558 2800 603 2860 1)
638 2798 793 2859 Epist.
830 2798 915 2850 eit.
952 2814 1001 2846 n.
1042 2799 1116 2846 14.

552 2881 601 2939 2)
638 2881 816 2927 Textus
849 2879 1070 2938 original.
1107 2894 1226 2927 caro
1260 2880 1381 2926 eius.

555 2962 602 3021 3)
639 2960 773 3008 Vers.
812 2962 859 3008 3.
1532 2960 1582 3020 4)
1618 2960 1792 3006 Psalm.
1832 2959 1912 3019 73,
1955 2960 2039 3007 16.
