2237 3481
885 274 1083 316 Luc'mo
1125 275 1251 317 vm.
1757 258 1871 317 115

256 463 552 522 minentur
592 463 857 521 ienebrae
899 481 1054 521 meae
1076 487 1135 521 ».
1179 465 1475 523 Dominus
1504 481 1637 538 ergo
1670 468 1873 538 tecum,

258 580 292 623 o
334 562 522 620 Maria
564 561 979 633 potentissima.

424 660 678 719 Secundo
718 659 1017 728 attendite,
1060 663 1359 730 carissimi,
1402 661 1550 734 quod
1599 661 1875 719 Dominus

257 759 623 827 universalis,
667 760 763 831 qui
804 774 928 817 cum
973 758 1157 817 Maria
1198 759 1304 828 esi,
1334 760 1456 832 ipse
1485 759 1573 817 esi:
1601 760 1875 818 Dominus

253 857 730 929 sapientissimus
770 857 1029 914 veritate.
1073 858 1208 929 Ipse
1251 859 1399 915 enim
1451 858 1540 915 est
1582 858 1874 926 DominuS‚

255 956 327 1014 de
370 971 482 1028 quo
521 956 582 1013 in
624 955 854 1014 Psalmo
879 954 968 1029 (1)
1012 956 1250 1013 dicitur:
1282 957 1551 1029 Maynus
1578 957 1874 1015 Dominus

257 1056 484 1128 noster,
527 1059 581 1111 et
619 1070 840 1126 mayna
879 1054 1068 1112 virius
1110 1055 1251 1122 elue,
1296 1057 1351 1112 et
1389 1055 1712 1126 sapientiae
1753 1056 1876 1112 eius

253 1169 381 1210 non
404 1154 491 1211 est
509 1168 805 1211 numerus.
829 1151 875 1210 Ο
898 1169 1062 1224 quam
1100 1153 1556 1224 sapientissimus
1580 1153 1873 1222 Dominae,

258 1251 426 1309 cuius
470 1250 808 1321 sapientiam
854 1250 996 1307 nihil
1040 1250 1258 1319 fallere,
1287 1250 1431 1308 nihil
1458 1251 1636 1309 latere
1667 1250 1875 1323 potest,

255 1350 357 1421 qui
402 1349 591 1407 omnia
634 1348 937 1406 manifesiza
979 1348 1036 1405 et
1078 1349 1297 1408 occulta
1325 1349 1503 1408 novit.
1532 1349 1735 1408 Omnia
1764 1350 1877 1407 nti-

256 1463 370 1518 que
427 1462 601 1518 opera
659 1445 862 1505 nostra
914 1446 1059 1504 bona
1123 1445 1182 1503 ei:
1243 1448 1411 1516 mala,
1474 1449 1660 1505 omnia
1703 1447 1877 1504 verba

255 1544 465 1603 nostra
505 1544 654 1603 bona
683 1544 741 1602 et
768 1544 939 1613 mala,
984 1560 1178 1603 omnes
1207 1545 1577 1617 cogitationes
1605 1545 1662 1602 et
1691 1547 1876 1603 omnia

256 1642 539 1700 desideria
601 1642 802 1701 nostra
858 1641 1005 1701 bona
1067 1642 1125 1700 et
1187 1643 1338 1699 mala
1401 1643 1508 1700 scit
1564 1643 1870 1713 Dominus3

259 1740 413 1800 unde
442 1740 651 1799 Petrus
681 1742 916 1801 Ioannis
944 1743 1218 1815 vigesimo
1248 1743 1428 1814 primo
1455 1743 1572 1816 (2):
1601 1743 1872 1816 Domine,

258 1843 329 1898 tu
371 1841 572 1898 omnia
613 1841 746 1898 scis.
788 1840 946 1908 Ecce,
990 1840 1192 1909 Maria,
1236 1840 1420 1912 qualis
1466 1840 1738 1899 Dominus
1767 1841 1872 1909 est,

256 1956 432 2011 quam
477 1937 932 2010 sapientissimus
957 1937 1047 2012 (3)
1091 1938 1386 2006 DominuS‚
1416 1939 1511 2011 qui
1555 1938 1736 1996 tecum
1768 1939 1874 1996 est.

255 2037 339 2094 Et
380 2037 515 2110 quia
553 2036 827 2095 Dominus
856 2035 1313 2108 sapienffissimus
1343 2038 1759 2108 sapientissime
1789 2037 1878 2095 est

256 2135 468 2203 tecum,
499 2135 622 2193 ideo
665 2134 724 2192 et
765 2134 831 2191 tu
873 2151 932 2192 es
969 2135 1393 2206 sapientissima
1423 2152 1628 2204 secum,
1661 2137 1880 2206 sapien-

258 2233 490 2291 tissima
530 2249 591 2290 es
633 2249 733 2304 per
774 2233 981 2304 ipsum.
1026 2233 1110 2290 Tu
1153 2234 1300 2290 enim
1367 2234 1595 2306 signata
1655 2250 1714 2291 es
1779 2250 1879 2306 per

257 2332 420 2390 illam
469 2330 719 2404 Abigass,
762 2331 829 2389 de
870 2349 982 2404 qua
1025 2331 1232 2389 dicitur
1275 2332 1439 2403 primi
1483 2331 1698 2405 Regum
1730 2333 1878 2405 vige-

259 2431 405 2487 simo
447 2428 649 2501 quinto
679 2427 802 2503 (4):
846 2429 1117 2500 Eratque
1151 2429 1364 2486 mulier
1399 2429 1511 2487 illa
1543 2430 1878 2500 prudentis-

254 2529 417 2587 se‘ma
457 2529 513 2584 et
551 2528 830 2598 speciosa.
860 2527 1043 2585 Maria
1086 2527 1206 2583 tam
1251 2527 1711 2598 prudentissima,
1758 2527 1876 2584 tam

393 2777 440 2834 1)
480 2776 653 2822 Psalm.
693 2774 799 2833 146,
835 2776 882 2821 5.
1540 2774 1590 2833 2)
1626 2774 1761 2822 Vers.
1803 2775 1877 2822 17.

390 2856 440 2916 3)
477 2856 514 2901 Β
549 2855 584 2903 C
608 2856 1006 2915 potentissimus.

388 2937 439 2997 4)
476 2936 611 2984 Vers.
649 2936 695 2983 3.
