2237 3481
396 271 511 331 138
901 289 1192 331 smmum
1231 290 1283 332 B.
1326 290 1389 331 M.
1431 290 1484 332 v.

393 480 640 553 Spiritus
681 481 963 538 sanctus?
1004 481 1124 539 tam
1167 482 1436 554 speciosa,
1466 481 1533 539 ut
1557 498 1680 539 eam
1722 498 1998 554 sponsam

392 579 626 652 eligeret
668 580 819 637 Deus
847 602 876 631 ι
900 580 928 635 ?
968 580 1242 662 Dominus
1296 596 1430 653 ergo
1469 578 1672 649 tecum,
1715 596 1747 638 o
1789 579 1998 649 Maria,

394 676 541 734 sicut
581 692 824 749 sponsus
867 693 991 733 cum
1036 692 1245 749 sponsa
1286 676 1703 734 delicatissima.

553 774 767 844 Quarto
807 774 1104 843 attendite,
1165 776 1459 845 carissimi,
1515 775 1662 849 quod
1717 776 2000 834 Dominus

392 874 518 941 iste,
546 875 644 947 qui
678 874 799 932 tam
841 873 1210 947 singulariter
1238 874 1327 931 est
1353 891 1498 931 cum·
1521 874 1720 942 Maria,
1749 875 1872 946 ipse
1905 874 2002 932 est

390 971 688 1048 DominuS,
730 973 889 1030 cuius
944 970 1169 1029 ancilla
1223 971 1596 1030 devotissima
1648 971 1738 1029 est
1791 972 1998 1042 Maria,

393 1069 541 1127 sicut
580 1070 823 1142 ipsamet
862 1069 1133 1139 testatur,
1174 1069 1363 1127 dicens
1393 1068 1514 1144 (1):
1561 1069 1731 1142 Eece,
1768 1069 2000 1128 ancilla

394 1168 660 1225 Domini.
702 1168 883 1225 Maria
911 1168 999 1226 est
1026 1168 1235 1226 ancilla
1271 1168 1494 1226 Domini
1525 1167 1736 1236 Patris,
1766 1168 1997 1227 Domini

395 1265 545 1337 Filii,
589 1265 810 1323 Domini
873 1265 1120 1337 Spiritus
1184 1265 1386 1323 sancti.
1449 1264 1593 1334 Quid
1656 1266 1879 1334 mirum,
1947 1266 2000 1324 si

393 1364 575 1420 Maria
617 1363 694 1420 sit
733 1363 903 1421 huius
945 1363 1170 1421 Domini
1196 1363 1421 1431 ancilla,
1452 1380 1575 1421 cum
1606 1363 1778 1421 etiam
1813 1363 1999 1422 Filius

394 1462 608 1519 Mariae
652 1462 729 1519 sit
768 1461 936 1519 huius
998 1462 1225 1521 Domini
1286 1478 1484 1519 servus
1546 1462 1847 1520 secundum
1907 1479 2000 1520 as-

394 1559 640 1617 sumtam
684 1577 719 1617 a
763 1560 945 1617 matre
984 1559 1249 1617 naturam
1274 1560 1302 1615 P
1341 1559 1474 1632 Ipse
1525 1560 1673 1618 enim
1727 1561 1786 1617 iu
1838 1559 2002 1619 Psal-

395 1674 484 1716 mo
517 1658 605 1732 (2)
649 1657 968 1726 confitetur,
1009 1657 1229 1716 dicens:
1281 1656 1330 1716 0
1372 1658 1642 1731 Domine,
1693 1660 1838 1731 quia
1891 1674 2000 1732 eqo

394 1774 593 1816 servus
636 1760 790 1830 tuus,
832 1774 935 1830 eqo
975 1773 1173 1816 servus
1226 1761 1361 1817 tuus
1415 1760 1470 1814 et
1522 1757 1686 1828 filius
1741 1756 2001 1816 ancillae

398 1858 547 1914 tuae.
589 1855 635 1914 Ο
676 1873 845 1929 quam
888 1856 1034 1915 bona
1075 1857 1302 1924 ancilla,
1332 1872 1364 1914 o
1391 1872 1560 1929 quam
1602 1856 1783 1915 bonus
1825 1857 2002 1915 aucil-

394 1956 482 2013 lae
524 1955 715 2013 filius!
759 1956 883 2013 Heu
927 1956 1064 2028 quot
1106 1956 1243 2013 sunt
1283 1956 1465 2014 malae
1506 1955 1744 2013 ancillae
1773 1955 1832 2013 et
1859 1956 2010 2014 mali.

394 2054 729 2112 ancillarum
770 2054 910 2111 filii!
957 2051 1072 2112 Sed
1096 2053 1243 2126 quid
1267 2054 1409 2112 dicit
1436 2051 1797 2125 Scriptura?
1824 2053 2003 2111 Eiice

396 2151 674 2210 ancillam
701 2154 756 2210 et
779 2151 974 2223 filium
999 2153 1125 2210 eius
1145 2152 1263 2227 (3);
1292 2151 1505 2225 legitur
1526 2151 1758 2210 Genesis
1784 2151 2004 2210 decimo

395 2251 551 2309 sexto
575 2249 683 2324 (4),
740 2250 806 2308 de
868 2250 1075 2308 ancilla
1137 2250 1326 2318 Sarae,
1369 2249 1515 2323 quod
1575 2250 1895 2321 concepisse
1938 2266 2006 2309 se

392 2347 611 2419 videm,
654 2349 910 2420 despexit
950 2348 1255 2406 dominam
1294 2364 1484 2405 suam.
1526 2348 1681 2405 Mala
1720 2364 1857 2420 ergo
1895 2365 2003 2406 an·

394 2446 526 2503 oilla
567 2446 726 2519 Agar
765 2446 833 2504 de
874 2445 1216 2523 fecunditate
1256 2444 1509 2514 inflatur,
1552 2445 1699 2505 bona
1740 2461 1875 2505 vero
1899 2462 2007 2504 au—

395 2544 527 2602 cilla
566 2544 751 2602 Maria
789 2544 856 2603 de
898 2544 1222 2603 humilitate
1262 2542 1598 2603 fecundatur
1621 2544 1733 2619 (5).
1770 2544 2006 2603 Ancilla

525 2795 570 2854 1)
604 2795 716 2841 Luc.
757 2794 799 2853 1,
836 2793 912 2841 38.
1502 2792 1553 2853 2)
1590 2793 1765 2841 Psalm.
1805 2793 1913 2853 115,
1951 2795 2001 2842 6.

521 2874 570 2951 3)
605 2875 711 2922 Gal.
745 2875 794 2933 4,
831 2874 907 2922 30.
945 2873 1081 2935 (Gen.
1115 2874 1196 2934 21,
1238 2873 1355 2935 10.).

102 2907 415 3027 ἡ
520 2955 571 3015 4)
606 2955 742 3003 vers.
777 2955 825 3002 4.
1584 2954 1635 3014 5)
1670 2955 1718 3001 A
1758 2940 2002 3003 zaeta'tur.

432 3058 451 3071 -ι

440 3078 453 3099 μ’
508 3098 515 3111 ι

482 3130 487 3137 .

538 3168 545 3175 .

554 3188 561 3199 1

596 3222 619 3235 i..
