2237 3481
859 267 1058 310 morlo
1100 268 1217 309 ΧΠ.
1726 250 1841 310 193

233 455 506 515 radisum
546 457 681 526 Dei,
723 455 938 529 quanto
979 458 1164 531 magis
1205 457 1627 516 deliciosissima
1664 475 1843 528 mem,

233 553 658 612 deliciosissima
699 556 891 612 anima
932 555 1146 613 Mariae
1187 554 1299 614 fuit
1332 557 1489 614 sieut
1517 556 1842 629 paradisus

235 652 339 711 Dei
359 654 426 710 in
446 652 937 712 benedictionibus
963 654 1212 727 Spiritus
1241 655 1424 712 sancti
1439 657 1466 712 P
1488 655 1670 713 Immo
1692 653 1842 714 certe

184 754 189 761 '
236 751 539 824 paradisus
568 752 672 811 Dei
700 768 813 811 non
857 753 1037 812 solum
1083 752 1287 823 mente,
1320 753 1417 812 sed
1445 753 1616 812 etiam
1645 753 1844 812 ventre

234 849 346 909 fuit
365 851 568 921 Maria,
592 851 888 910 continens
912 853 970 909 in
1000 869 1058 909 se
1090 852 1318 926 liynum
1336 853 1489 910 vitae
1512 851 1621 928 (1),
1652 852 1842 910 Iesum

234 949 549 1008 Christum.
578 950 738 1008 Unde
782 950 982 1009 beatus
1009 950 1338 1009 Bernardus
1363 951 1451 1027 (2)
1493 950 1605 1009 ait:
1646 950 1842 1010 «Vere

234 1049 536 1121 paradisus
559 1047 659 1106 Dei
690 1048 754 1106 tu
783 1065 860 1117 ee,
885 1065 1027 1122 quae
1055 1048 1264 1108 mundo
1292 1043 1513 1122 lignum
1535 1049 1688 1108 vitae
1717 1065 1842 1108 con-

232 1145 441 1216 tulisti,
459 1145 526 1204 de
541 1162 650 1219 quo
667 1132 763 1220 qui
782 1147 1210 1205 manducaverit
1224 1148 1379 1206 vivet
1401 1149 1458 1206 in
1475 1148 1766 1207 aeternum
1782 1171 1812 1200 »
1827 1191 1841 1213 ‚

180 1228 187 1235 ’
231 1245 391 1303 Heu!
424 1230 595 1318 qua‘m
630 1246 799 1319 longe
830 1245 918 1304 est
946 1246 1018 1303 ab
1057 1245 1164 1304 hac
1207 1246 1587 1305 benedictione
1628 1247 1842 1304 Mariae

231 1344 630 1417 cuiuscumque
661 1361 818 1401 mens
861 1361 972 1402 non
1017 1345 1106 1402 est
1136 1345 1435 1417 paradisus
1463 1345 1567 1403 Dei
1593 1347 1652 1403 in
1683 1345 1841 1403 bene-

229 1442 573 1501 dictionibus
611 1442 853 1516 gratiae,
883 1442 980 1500 sed
1008 1444 1097 1500 est
1135 1443 1361 1501 sentina
1389 1444 1596 1502 diaboli
1640 1446 1699 1502 in
1729 1460 1840 1501 ma·

225 1539 625 1598 ledictionibus
665 1540 954 1599 malitiae!
1000 1541 1157 1598 Talis
1198 1542 1366 1609 enim,
1410 1540 1558 1600 sicut
1585 1543 1646 1599 in
1673 1541 1842 1599 Psal-

229 1654 321 1696 mo
346 1637 435 1712 (3)
467 1637 691 1707 dicitur,
736 1638 942 1697 dilexit
981 1638 1448 1697 maledictionem
1476 1642 1532 1697 et
1556 1641 1743 1698 veniet
1768 1641 1837 1713 ei,

229 1739 286 1796 et
324 1736 522 1795 noluit
559 1735 1017 1807 benedictionem,
1061 1739 1120 1795 et
1158 1737 1528 1811 elonyabitur
1570 1739 1643 1797 ab
1685 1756 1768 1800 eo.

395 1835 564 1903 Item,
608 1836 905 1905 carissimi,
935 1835 1229 1894 benedicta
1269 1836 1357 1894 est
1397 1836 1580 1894 Maria
1616 1853 1730 1896 non
1758 1854 1840 1897 so-

228 1935 354 1992 lum
400 1933 636 2007 propter
677 1933 928 2006 gratiam
967 1933 1241 1993 donorum
1284 1935 1484 2004 cordiS‚
1529 1935 1626 1994 sed
1667 1935 1839 1995 etiam

235 2030 473 2105 propter
543 2031 792 2106 gratiam
872 2031 1169 2090 labiorum
1244 2033 1384 2106 oris,
1460 2034 1619 2091 iuxta
1696 2034 1840 2092 illud

228 2130 449 2188 Psalmi
482 2130 599 2204 (4):
631 2128 993 2206 Diffusaest
1022 2131 1225 2204 qratia
1251 2131 1315 2189 in
1345 2131 1516 2191 labiis
1546 2133 1681 2206 tuis,
1708 2149 1841 2205 pro·

216 2232 428 2302 pterea
457 2227 747 2286 benedixit
791 2230 842 2285 te
883 2229 1047 2286 Deus
1086 2229 1153 2286 in
1188 2230 1516 2287 aeternum.
1546 2229 1592 2288 O
1621 2229 1838 2304 quanta

225 2329 287 2385 in
332 2327 686 2385 orationibus
727 2325 1127 2396 devotissimiS,
1171 2328 1388 2399 quanta
1429 2330 1488 2385 in
1529 2329 1838 2388 collationi·

227 2425 337 2483 bus
380 2426 702 2483 utilissimis
756 2425 948 2498 gratia
1006 2427 1065 2482 in
1129 2426 1297 2483 labiis
1346 2426 1560 2485 Mariae
1617 2444 1838 2500 semper

227 2522 368 2581 fuiti
413 2522 460 2581 Ο
501 2523 718 2596 quanta
760 2525 832 2582 ad
873 2524 1148 2593 homineS,
1190 2524 1408 2596 quanta
1456 2526 1527 2583 ad
1584 2527 1836 2599 angeIOS‚

357 2775 402 2834 1)
440 2773 556 2821 Gen.
592 2773 642 2833 2,
678 2774 724 2820 9.

353 2855 405 2911 2)
440 2854 658 2913 Egbert.,
695 2853 842 2901 Serm.
879 2867 1106 2913 panegyr.
1144 2854 1204 2900 ad
1238 2854 1293 2900 B.
1331 2852 1395 2899 M.
1430 2853 1488 2899 V.
1525 2866 1572 2899 n.
1609 2852 1656 2899 4.

356 2936 404 2993 3)
441 2935 614 2981 Psalm.
657 2934 762 2992 108,
802 2934 875 2980 18.
1373 2934 1424 2994 4)
1460 2935 1635 2981 Psalm.
1671 2933 1749 2993 44,
1786 2935 1833 2981 3.

1653 3032 1711 3079 13
