2237 3481
395 258 511 319 252
776 251 780 255 ’
870 253 1190 319 'srscumm
1230 273 1282 317 B.
1324 272 1389 317 11.
1428 272 1485 318 v.

395 469 553 538 sima,
596 468 728 542 quia
769 484 940 541 super
980 483 1172 527 omnes
1214 466 1467 527 homines
1510 466 1619 526 fuit
1665 467 1988 538 mitissima,

393 567 476 626 ita
516 567 664 640 quod
704 584 804 625 nec
845 567 1002 626 oculo
1043 583 1144 625 nec
1205 566 1375 626 verbo
1437 583 1538 625 nec
1587 565 1737 626 facto
1778 567 1991 626 tenuis-

395 667 566 725 simae
606 665 991 739 impatientiae
1035 666 1259 739 signum
1288 664 1535 725 ostendit
1561 664 1736 739 Virgo
1766 665 1992 738 patien-

395 764 633 834 tissima,
676 764 820 822 teste
861 763 1157 823 Ambrosio
1183 761 1292 838 (1),
1335 764 1430 835 qui
1471 762 1585 821 ait:
1623 786 1654 814 α
1674 762 1837 821 Nihil
1876 763 1993 823 tor-

394 879 526 920 vum
567 863 627 920 in
687 862 862 920 oculis
919 861 1152 931 Mariae,
1196 860 1338 918 nihil
1395 863 1453 918 in
1515 860 1703 920 verbis
1758 877 1986 934 procax,

395 959 539 1018 nihil
579 961 639 1018 in
679 959 810 1018 actu
850 959 1281 1018 inverecundum
1309 982 1367 1015 ιο.

555 1056 788 1127 Quarto,
837 1058 1130 1128 carissimi,
1187 1057 1492 1127 videamus
1549 1057 1820 1131 quomodo
1876 1057 1991 1117 sru-

395 1156 522 1215 ctus
561 1156 774 1215 Mariae
817 1156 894 1214 sit
934 1156 1306 1215 exercentium
1348 1173 1407 1214 se
1446 1155 1505 1214 et
1566 1156 1988 1227 laborantium,

395 1254 592 1312 contra
632 1254 908 1325 acediam3
966 1254 1032 1312 de
1080 1254 1186 1314 hoc
1239 1254 1444 1312 dicitur
1506 1254 1825 1328 Sapientiae
1880 1255 1991 1314 ter·

395 1352 476 1410 tio
505 1352 625 1427 (2):
669 1351 977 1411 Bonorum
1005 1352 1269 1411 laborum
1290 1351 1585 1427 qloriosus
1611 1355 1699 1412 est
1732 1349 1987 1422 fructus.
2019 1384 2022 1385 ν
2054 1358 2062 1364 ’

397 1449 759 1519 Quaerendus
799 1451 888 1508 est
945 1466 1079 1524 ergo
1135 1449 1353 1509 fructus
1402 1449 1511 1509 iste
1559 1467 1684 1509 cum
1726 1452 1991 1511 exercitio

395 1548 624 1617 laboris
687 1548 988 1607 secundum
1051 1547 1199 1621 quod
1263 1549 1390 1622 apis
1456 1549 1679 1622 quaerit
1739 1547 1989 1608 fructum
2090 1605 2093 1609 .

397 1647 602 1716 melliS,
644 1645 909 1714 fructum,
951 1648 1199 1720 inquam,
1242 1647 1309 1705 de
1349 1662 1457 1720 quo
1484 1645 1866 1706 Ecclesiastici
1892 1665 1991 1706 un-

401 1746 608 1805 decimo
636 1745 842 1804 dicitur
864 1745 982 1822 (3):
1013 1747 1223 1806 Brevis
1248 1748 1317 1805 in
1343 1746 1681 1805 volatilibus
1715 1749 1800 1806 est
1840 1748 1991 1821 apis,

397 1847 455 1902 et
478 1844 713 1902 initiam
754 1842 1012 1903 dulcoris
1039 1844 1212 1903 habet
1234 1842 1467 1915 fructus
1492 1845 1635 1903 εἰπε.
1667 1844 1989 1915 Considera,

397 1943 709 2016 carissime,
743 1942 1015 2015 quomodo
1055 1944 1181 2017 apis
1222 1944 1289 2002 de
1329 1943 1494 2003 horto
1521 1943 1594 2001 ad
1633 1943 1884 2015 hortum,
1924 1944 1992 2002 de

398 2040 597 2099 arbore
637 2041 709 2099 ad
749 2041 1023 2111 arborem,
1065 2042 1132 2100 de
1172 2041 1308 2102 flore
1348 2041 1420 2100 ad
1470 2040 1666 2113 florem
1707 2042 1993 2101 discurrat

400 2154 503 2211 pro
546 2137 734 2197 fructu
791 2137 1006 2208 mellis;
1049 2140 1128 2197 sic
1188 2137 1246 2197 et
1306 2140 1371 2198 tu
1433 2139 1891 2200 meditationibus
1931 2141 1990 2199 et

401 2236 689 2295 desideriis
731 2235 788 2295 et
829 2238 944 2296 zelo
985 2236 1241 2295 imitandi
1283 2237 1531 2296 discurre
1555 2238 1706 2297 circa
1733 2240 1990 2312 exempla

400 2333 679 2394 iustorum
735 2333 793 2391 et
852 2335 1088 2393 maxime
1151 2333 1557 2407 perfectorum3
1599 2335 1867 2406 discurre,
1910 2338 1992 2394 in-

402 2448 590 2505 quam,
633 2432 700 2490 de
741 2431 905 2492 horto
968 2432 1040 2490 ad
1080 2431 1326 2502 hortum,
1369 2433 1425 2490 id
1467 2432 1556 2491 est
1595 2434 1662 2492 de
1716 2433 1876 2492 statu
1917 2434 1992 2492 ad

403 2529 646 2601 statum3
693 2530 943 2589 discurre
984 2530 1051 2589 de
1105 2530 1305 2590 arbore
1360 2530 1433 2589 ad
1486 2531 1762 2601 arborem,
1805 2532 1864 2590 id
1904 2533 1996 2591 est

402 2628 469 2686 de
509 2628 660 2688 iusto
700 2629 773 2687 ad
812 2628 1058 2701 iustum3
1101 2630 1350 2689 discurre
1392 2629 1458 2687 de
1499 2629 1636 2690 flore
1676 2630 1750 2689 ad
1776 2630 1993 2700 florem,

403 2773 720 2784 *—

534 2860 575 2914 1)
613 2860 669 2902 II.
707 2860 763 2905 de
794 2858 1029 2917 virginib.
1065 2874 1108 2907 c.
1143 2860 1192 2907 2.
1228 2874 1275 2907 n.
1314 2862 1358 2907 7.

527 2940 575 2994 ΣΞ)
616 2940 744 2984 Ψυῐε.
785 2940 858 2985 15.
1684 2942 1733 3001 3)
1768 2942 1905 2990 vers.
1943 2942 1992 2990 3.

407 3319 677 3447 ἐξ
