2237 3481
873 278 1074 326 Laome
1116 279 1196 326 v1.
1760 260 1835 325 87

219 481 419 554 gratia
463 479 654 553 potest
694 479 871 552 accipi
913 479 1059 552 quod
1101 477 1309 536 dicitur
1348 476 1725 535 Ecclesiastioi
1762 477 1842 534 vi·

220 581 441 653 gesimo
484 579 642 637 sexto
667 577 790 653 (1):
842 575 1062 635 Gratia
1101 594 1280 650 super
1316 577 1599 651 qratiam,
1627 576 1842 635 mulier

213 678 535 751 pudorata
573 681 629 735 et
665 680 890 736 sancta.
933 677 1163 734 Mulier
1205 692 1376 749 super
1418 692 1609 735 omnes
1651 675 1842 733 mulie-

224 794 319 835 res
353 775 680 849 pudorata,
725 792 899 849 super
940 793 1134 834 omnes
1173 778 1380 833 sancta
1421 774 1511 832 est
1549 775 1753 842 Maria,
1782 774 1842 831 in

224 892 343 948 qua
384 875 475 933 est
515 875 709 948 gratia
751 892 922 948 super
964 873 1214 947 gratiam
1247 874 1359 949 (2),
1400 873 1592 947 gratia
1628 873 1845 946 gloriae

226 991 403 1046 super
444 973 694 1047 gratiam
738 975 880 1041 viae,
920 973 1112 1047 gratia
1169 974 1542 1046 praemiorum
1588 974 1646 1030 in
1689 972 1842 1030 caelo

226 1089 403 1145 super
446 1072 698 1146 gratiam
738 1074 1068 1131 meritorum
1112 1073 1171 1130 in
1217 1072 1442 1130 mundo.
1470 1072 1625 1129 Haec
1652 1071 1842 1129 autem

223 1171 423 1245 gratia
466 1171 837 1229 beatitudinis
864 1171 1080 1228 Mariae
1109 1170 1373 1228 consistit
1401 1172 1458 1228 in
1502 1168 1717 1242 septem
1755 1168 1846 1227 do·

223 1270 386 1327 tibus
427 1271 685 1342 corporis
727 1269 785 1327 et
825 1271 1065 1326 animae.
1109 1269 1409 1339 Quodlibet
1449 1270 1597 1327 enim
1640 1283 1845 1340 corpus

221 1367 613 1441 glorificatum
657 1367 831 1425 habet
872 1366 1118 1441 quatuor
1159 1368 1319 1426 dotes
1359 1368 1656 1440 gloriosae,
1699 1366 1848 1424 vide·

222 1465 363 1525 licet
402 1465 591 1524 dotem
637 1467 811 1523 mirae
854 1466 1173 1539 σῑανὶέαέὶε,
1214 1466 1401 1525 dotem
1443 1467 1617 1523 mirae
1668 1464 1847 1523 subti-

229 1563 446 1633 litatis,
497 1563 683 1622 dotem
738 1564 912 1622 mirae
969 1563 1263 1637 ayilitatis
1316 1563 1376 1620 et
1429 1561 1616 1622 dotem
1670 1563 1846 1620 mirae

225 1661 751 1734 impassibilitatiS,
795 1661 853 1719 et
895 1662 942 1718 si
985 1662 1235 1720 omnium
1278 1659 1570 1719 beatorum
1611 1675 1848 1733 corpora

224 1761 387 1819 Deus
422 1759 514 1818 his
558 1762 804 1834 quatuor
831 1761 1057 1819 dotibus
1085 1759 1445 1832 glorifieavit,
1476 1759 1690 1833 quanto
1728 1775 1850 1816 ma-

224 1861 321 1932 gis
363 1874 572 1931 corpus
614 1858 787 1926 istud,
831 1858 978 1932 quod
1021 1860 1207 1931 ipsum
1249 1857 1686 1931 glorificatorem
1738 1873 1851 1915 om-

226 1959 391 2015 nium
435 1972 735 2029 corporum
778 1956 1020 2029 genuit?
1047 1956 1191 2026 Quid
1235 1958 1459 2025 mirum,
1489 1958 1539 2013 si
1575 1956 1704 2015 dote
1733 1954 1852 2013 cla·

225 2055 436 2113 ritatis
477 2056 796 2113 clarissima
840 2056 917 2112 sit
957 2057 1014 2112 in
1057 2056 1210 2113 eaelo
1252 2071 1396 2128 quae
1446 2054 1590 2112 dono
1647 2052 1852 2111 sancti·

227 2153 377 2211 tatis
418 2154 740 2211 clarissima
784 2153 894 2211 fuit
936 2155 992 2210 in
1038 2153 1289 2211 mundo?
1332 2152 1412 2210 De
1453 2153 1580 2224 ipsa
1607 2167 1850 2224 namque

229 2250 442 2310 beatus
485 2252 814 2309 Bernardus
845 2252 935 2326 (3)
979 2252 1093 2309 ait:
1147 2274 1176 2302 «
1204 2250 1405 2308 Adhuc
1451 2249 1602 2308 inter
1657 2265 1851 2322 pecca—

229 2349 393 2409 tores
434 2350 647 2423 degens
688 2349 855 2408 tanta
896 2348 1030 2407 ante
1072 2350 1255 2407 Deum
1298 2347 1605 2407 sanctitate
1646 2348 1852 2406 clarui-

229 2449 332 2517 sti,
375 2448 445 2506 ut
487 2449 610 2507 sola
653 2449 792 2507 solio
833 2448 1049 2506 aeterni
1091 2448 1264 2520 Regis
1305 2447 1700 2520 approximare
1742 2462 1850 2503 me·

229 2547 424 2605 rueris
445 2569 505 2603 ».
533 2579 614 2588 —
642 2546 811 2616 Item,
843 2546 976 2620 quid
1007 2546 1232 2614 mirum,
1264 2546 1311 2602 si
1346 2545 1475 2604 dote
1502 2543 1854 2604 subtilitatis

369 2796 416 2855 1)
452 2796 590 2842 Vere.
631 2795 706 2842 19.

364 2876 417 2936 2)
456 2875 555 2923 Cfr.
590 2876 722 2923 Ioan.
762 2875 807 2934 1,
846 2875 921 2921 16.

366 2957 417 3017 3)
454 2955 620 3004 Potius
653 2956 872 3015 Egbort„
908 2967 1060 3002 sermo
1091 2966 1320 3013 panegyr.
1355 2953 1415 3000 ad
1447 2953 1504 3000 Β.
1533 2953 1599 3000 Μ.
1624 2954 1684 3000 V.
1718 2967 1767 3000 n.
1808 2953 1851 3001 1.
