2237 3481
862 269 1064 311 an'mo
1106 269 1193 310 111.
1752 232 1825 311 31

216 462 319 529 εἰε,
339 477 509 534 quam
539 460 761 534 peperit
789 460 952 519 nobis
980 461 1181 530 Maria,
1204 462 1379 519 maris
1407 461 1577 519 stella
1597 483 1654 517 ».
1681 461 1831 519 Bene

215 559 412 616 autem
453 558 638 616 Maria
694 558 894 617 stellae
950 561 1126 617 maris
1181 559 1545 632 comparatur
1598 560 1833 631 propter

204 657 560 730 puritatem,
606 657 839 729 propter
878 657 1284 716 radiositatem
1339 658 1396 716 et
1446 657 1681 730 propter
1720 659 1831 715 uti-

219 754 466 814 litatem.
511 754 695 813 Maria
735 756 883 813 enim
939 756 1029 814 est
1083 756 1254 814 stella
1296 756 1618 829 purissima,
1661 755 1832 813 stella

216 853 607 912 radiosissima
648 853 705 911 et
747 854 916 912 stella
943 855 1279 924 utilissima3
1312 855 1493 912 Maria
1534 855 1622 912 est
1663 854 1832 913 stella

217 953 529 1027 purissima
572 954 872 1025 purissime
913 954 1151 1013 vivendo
1201 954 1259 1012 et
1297 954 1482 1011 Maria
1524 953 1611 1012 est
1661 953 1830 1011 stella

216 1050 606 1109 radiosissima
669 1052 888 1110 radium
949 1052 1242 1110 aeternum
1308 1051 1593 1125 pariendo,
1649 1051 1832 1109 Maria

219 1151 310 1208 est
352 1150 524 1208 stella
566 1151 872 1209 utilissima
914 1151 986 1209 ad
1027 1152 1170 1209 litus
1212 1151 1433 1224 patriae
1472 1151 1779 1224 dirigendo.

382 1248 574 1308 Primo
615 1266 750 1323 ergo
790 1250 1099 1319 considera,
1129 1252 1433 1319 carissime,
1462 1250 1611 1323 quod
1650 1250 1833 1308 Maria

215 1347 309 1406 est
350 1347 523 1405 stella
551 1349 886 1419 purissima
928 1349 1047 1406 sine
1098 1348 1325 1421 peceato
1376 1349 1698 1419 purissime
1755 1348 1833 1405 vi-

214 1447 440 1516 vendo;
479 1446 627 1504 unde
668 1446 734 1503 de
775 1448 901 1519 ipsa
943 1447 1047 1505 dici
1092 1447 1282 1520 potest
1331 1446 1474 1505 illud
1514 1446 1832 1519 Sapientiae

217 1545 463 1616 septimo
494 1543 613 1617 (1):
660 1545 778 1603 Est
816 1546 972 1602 enim
1032 1547 1172 1603 haec
1230 1546 1545 1618 speciosior
1604 1545 1724 1603 sole
1777 1548 1834 1602 et

215 1659 397 1714 super
438 1660 663 1700 omnem
707 1645 1147 1715 dispositionem
1181 1645 1488 1702 stellarum
1530 1644 1650 1701 luci
1687 1660 1832 1701 oom-

206 1744 441 1815 parata
479 1744 772 1800 invenitur
803 1745 1039 1815 purior.
1083 1744 1318 1813 Quidam
1352 1743 1441 1817 (2)
1487 1743 1578 1800 hic
1630 1742 1833 1816 legunt

209 1841 408 1913 prior,
452 1840 678 1913 quidam
710 1844 949 1915 purior,
990 1843 1293 1916 utrumque
1335 1859 1467 1901 vero
1495 1842 1694 1899 stellae
1732 1858 1833 1899 no-

218 1940 377 1996 strae
419 1938 631 1997 Mariae
674 1940 959 2012 competit.
1003 1935 1187 1997 Maria
1228 1941 1375 1998 enim
1419 1940 1590 2012 prior,
1632 1939 1687 1996 id
1743 1940 1833 1997 est

219 2036 411 2111 potior
453 2038 571 2094 sive
612 2037 853 2110 dignior,
894 2039 1078 2095 Maria
1120 2040 1289 2097 etiam
1338 2040 1530 2111 purior
1572 2039 1659 2095 est
1714 2038 1830 2095 sole

218 2136 280 2194 et
324 2136 511 2193 stellis
552 2136 610 2193 et
650 2136 790 2203 luce,
834 2138 966 2209 quia
1005 2138 1122 2194 tam
1169 2137 1418 2209 puritate
1447 2154 1615 2209 quam
1655 2136 1833 2209 digni-

218 2234 343 2291 tate
385 2234 559 2292 solem
602 2234 661 2292 et
716 2235 917 2291 stellas
947 2235 1029 2293 -et
1085 2252 1302 2293 omnem
1365 2236 1544 2292 lucem
1596 2230 1832 2306 superat

216 2333 588 2405 corporalem,
632 2334 800 2392 immo
843 2332 1011 2391 etiam
1045 2334 1419 2406 spiritualem,
1450 2333 1706 2391 videlieet
1735 2350 1830 2390 an·

216 2433 458 2507 gelicam
502 2431 854 2502 creaturam;
898 2433 963 2490 de
1026 2450 1138 2505 qua
1181 2432 1386 2490 dicitur
1449 2432 1680 2490 Genesis
1723 2433 1832 2504 pri-

219 2547 312 2589 mo
343 2530 467 2604 (3):
512 2531 733 2588 Divisit
776 2531 938 2588 Deus
1001 2531 1184 2588 lucem
1226 2547 1264 2588 a
1307 2530 1572 2602 tenebris,
1636 2531 1693 2587 id
1743 2530 1832 2587 est

218 2629 457 2702 angelos
500 2628 722 2687 stantes
783 2646 818 2687 a
877 2629 1227 2688 cadentibus,
1277 2629 1399 2686 Hac
1461 2628 1654 2700 utique
1707 2629 1830 2686 luce

352 2862 399 2921 1)
435 2861 570 2908 Vers.
605 2861 683 2908 29.

347 2943 399 3002 2)
434 2942 524 2989 Ex.
560 2956 633 3000 gr.
671 2941 795 2990 Bibl.
830 2942 973 2989 Goth.
1525 2940 1573 3000 3)
1609 2940 1744 2987 vers·
1778 2939 1826 2986 4.
