<?xml version="1.0" encoding="UTF-8"?>
<!DOCTYPE html PUBLIC "-//W3C//DTD XHTML 1.0 Transitional//EN"
    "http://www.w3.org/TR/xhtml1/DTD/xhtml1-transitional.dtd">
<html xmlns="http://www.w3.org/1999/xhtml" xml:lang="en" lang="en">
 <head>
  <title>
</title>
<meta http-equiv="Content-Type" content="text/html;charset=utf-8" />
  <meta name='ocr-system' content='tesseract 3.04.00' />
  <meta name='ocr-capabilities' content='ocr_page ocr_carea ocr_par ocr_line ocrx_word'/>
</head>
<body>
  <div class='ocr_page' id='page_1' title='image "./speculumbeataem00brungoog_0251.png"; bbox 0 0 2237 3481; ppageno 0'>
   <div class='ocr_carea' id='block_1_1' title="bbox 862 258 1828 319">
    <p class='ocr_par' dir='ltr' id='par_1_1' title="bbox 862 258 1828 319">
     <span class='ocr_line' id='line_1_1' title="bbox 862 258 1828 319; baseline 0 -2"><span class='ocrx_word' id='word_1_1' title='bbox 862 275 1060 318; x_wconf 76' lang='lat' dir='ltr'>Luc&#39;mo</span> <span class='ocrx_word' id='word_1_2' title='bbox 1101 276 1195 319; x_wconf 82' lang='lat' dir='ltr'>xv.</span> <span class='ocrx_word' id='word_1_3' title='bbox 1713 258 1828 317; x_wconf 87' lang='grc'>217</span> 
     </span>
    </p>
   </div>
   <div class='ocr_carea' id='block_1_2' title="bbox 222 466 1836 2707">
    <p class='ocr_par' dir='ltr' id='par_1_2' title="bbox 222 466 1835 929">
     <span class='ocr_line' id='line_1_2' title="bbox 225 466 1833 541; baseline 0.002 -17"><span class='ocrx_word' id='word_1_4' title='bbox 225 483 338 526; x_wconf 92' lang='lat' dir='ltr'>non</span> <span class='ocrx_word' id='word_1_5' title='bbox 381 467 485 524; x_wconf 91' lang='lat' dir='ltr'>tibi</span> <span class='ocrx_word' id='word_1_6' title='bbox 523 468 647 536; x_wconf 89' lang='lat' dir='ltr'>soli,</span> <span class='ocrx_word' id='word_1_7' title='bbox 679 467 774 525; x_wconf 82' lang='lat' dir='ltr'>sed</span> <span class='ocrx_word' id='word_1_8' title='bbox 802 466 973 526; x_wconf 90' lang='lat' dir='ltr'>etiam</span> <span class='ocrx_word' id='word_1_9' title='bbox 1016 467 1196 536; x_wconf 78' lang='lat' dir='ltr'>nobiS‚</span> <span class='ocrx_word' id='word_1_10' title='bbox 1228 467 1359 540; x_wconf 90' lang='lat' dir='ltr'>quid</span> <span class='ocrx_word' id='word_1_11' title='bbox 1389 466 1494 535; x_wconf 86' lang='lat' dir='ltr'>est,</span> <span class='ocrx_word' id='word_1_12' title='bbox 1524 484 1691 541; x_wconf 87' lang='lat' dir='ltr'>quam</span> <span class='ocrx_word' id='word_1_13' title='bbox 1723 487 1833 527; x_wconf 90' lang='lat' dir='ltr'>ma·</span> 
     </span>
     <span class='ocr_line' id='line_1_3' title="bbox 222 565 1833 641; baseline 0.002 -19"><span class='ocrx_word' id='word_1_14' title='bbox 222 582 399 638; x_wconf 86' lang='lat' dir='ltr'>gnum</span> <span class='ocrx_word' id='word_1_15' title='bbox 444 566 550 634; x_wconf 87' lang='lat' dir='ltr'>est,</span> <span class='ocrx_word' id='word_1_16' title='bbox 593 582 761 638; x_wconf 88' lang='lat' dir='ltr'>quam</span> <span class='ocrx_word' id='word_1_17' title='bbox 802 565 1044 623; x_wconf 84' lang='lat' dir='ltr'>amabile</span> <span class='ocrx_word' id='word_1_18' title='bbox 1085 566 1193 636; x_wconf 87' lang='lat' dir='ltr'>est,</span> <span class='ocrx_word' id='word_1_19' title='bbox 1243 566 1388 639; x_wconf 90' lang='lat' dir='ltr'>quod</span> <span class='ocrx_word' id='word_1_20' title='bbox 1415 567 1587 626; x_wconf 72' lang='lat' dir='ltr'>&#39;video</span> <span class='ocrx_word' id='word_1_21' title='bbox 1635 585 1736 641; x_wconf 87' lang='lat' dir='ltr'>per</span> <span class='ocrx_word' id='word_1_22' title='bbox 1763 569 1833 627; x_wconf 81' lang='lat' dir='ltr'>·te</span> 
     </span>
     <span class='ocr_line' id='line_1_4' title="bbox 224 664 1831 739; baseline 0.002 -17"><span class='ocrx_word' id='word_1_23' title='bbox 224 665 449 722; x_wconf 85' lang='lat' dir='ltr'>evenire</span> <span class='ocrx_word' id='word_1_24' title='bbox 488 664 667 731; x_wconf 78' lang='lat' dir='ltr'>nobiS,</span> <span class='ocrx_word' id='word_1_25' title='bbox 698 664 845 737; x_wconf 87' lang='lat' dir='ltr'>quod</span> <span class='ocrx_word' id='word_1_26' title='bbox 890 664 1083 721; x_wconf 86' lang='lat' dir='ltr'>videns</span> <span class='ocrx_word' id='word_1_27' title='bbox 1110 664 1346 737; x_wconf 84' lang='lat' dir='ltr'>gaudeo,</span> <span class='ocrx_word' id='word_1_28' title='bbox 1390 665 1536 738; x_wconf 88' lang='lat' dir='ltr'>quod</span> <span class='ocrx_word' id='word_1_29' title='bbox 1576 667 1831 739; x_wconf 86' lang='lat' dir='ltr'>gaudens</span> 
     </span>
     <span class='ocr_line' id='line_1_5' title="bbox 226 762 1832 832; baseline 0.002 -13"><span class='ocrx_word' id='word_1_30' title='bbox 226 762 408 820; x_wconf 88' lang='lat' dir='ltr'>dicere</span> <span class='ocrx_word' id='word_1_31' title='bbox 450 779 563 821; x_wconf 87' lang='lat' dir='ltr'>non</span> <span class='ocrx_word' id='word_1_32' title='bbox 605 763 825 822; x_wconf 79' lang='lat' dir='ltr'>audeo?</span> <span class='ocrx_word' id='word_1_33' title='bbox 885 763 941 820; x_wconf 92' lang='lat' dir='ltr'>Si</span> <span class='ocrx_word' id='word_1_34' title='bbox 984 764 1131 820; x_wconf 90' lang='lat' dir='ltr'>enim</span> <span class='ocrx_word' id='word_1_35' title='bbox 1196 762 1279 832; x_wconf 92' lang='lat' dir='ltr'>tu,</span> <span class='ocrx_word' id='word_1_36' title='bbox 1322 764 1564 832; x_wconf 89' lang='lat' dir='ltr'>domina,</span> <span class='ocrx_word' id='word_1_37' title='bbox 1618 782 1678 823; x_wconf 87' lang='lat' dir='ltr'>es</span> <span class='ocrx_word' id='word_1_38' title='bbox 1720 783 1832 823; x_wconf 87' lang='lat' dir='ltr'>ma·</span> 
     </span>
     <span class='ocr_line' id='line_1_6' title="bbox 236 860 1835 929; baseline 0.002 -12"><span class='ocrx_word' id='word_1_39' title='bbox 236 860 326 917; x_wconf 86' lang='lat' dir='ltr'>ter</span> <span class='ocrx_word' id='word_1_40' title='bbox 368 860 488 929; x_wconf 86' lang='lat' dir='ltr'>Dei,</span> <span class='ocrx_word' id='word_1_41' title='bbox 532 877 717 919; x_wconf 88' lang='lat' dir='ltr'>nonne</span> <span class='ocrx_word' id='word_1_42' title='bbox 745 861 803 919; x_wconf 93' lang='lat' dir='ltr'>et</span> <span class='ocrx_word' id='word_1_43' title='bbox 844 862 942 918; x_wconf 89' lang='lat' dir='ltr'>alii</span> <span class='ocrx_word' id='word_1_44' title='bbox 972 860 1076 918; x_wconf 85' lang='lat' dir='ltr'>filii</span> <span class='ocrx_word' id='word_1_45' title='bbox 1103 861 1187 919; x_wconf 88' lang='lat' dir='ltr'>tui</span> <span class='ocrx_word' id='word_1_46' title='bbox 1233 862 1370 919; x_wconf 87' lang='lat' dir='ltr'>sunt</span> <span class='ocrx_word' id='word_1_47' title='bbox 1397 861 1607 921; x_wconf 86' lang='lat' dir='ltr'>fratres</span> <span class='ocrx_word' id='word_1_48' title='bbox 1635 863 1739 922; x_wconf 84' lang='lat' dir='ltr'>Dei</span> <span class='ocrx_word' id='word_1_49' title='bbox 1768 865 1835 920; x_wconf 71' lang='lat' dir='ltr'>ao?</span> 
     </span>
    </p>

    <p class='ocr_par' dir='ltr' id='par_1_3' title="bbox 225 958 1836 2707">
     <span class='ocr_line' id='line_1_7' title="bbox 390 958 1834 1034; baseline 0.003 -19"><span class='ocrx_word' id='word_1_50' title='bbox 390 958 598 1027; x_wconf 87' lang='lat' dir='ltr'>Tertio,</span> <span class='ocrx_word' id='word_1_51' title='bbox 642 960 937 1027; x_wconf 85' lang='lat' dir='ltr'><strong>carissimi,</strong></span> <span class='ocrx_word' id='word_1_52' title='bbox 994 960 1309 1031; x_wconf 81' lang='lat' dir='ltr'>audiamuS‚</span> <span class='ocrx_word' id='word_1_53' title='bbox 1361 962 1634 1034; x_wconf 88' lang='lat' dir='ltr'>quomodo</span> <span class='ocrx_word' id='word_1_54' title='bbox 1677 962 1834 1020; x_wconf 89' lang='lat' dir='ltr'>bene·</span> 
     </span>
     <span class='ocr_line' id='line_1_8' title="bbox 226 1056 1834 1130; baseline 0.003 -17"><span class='ocrx_word' id='word_1_55' title='bbox 226 1056 380 1114; x_wconf 87' lang='lat' dir='ltr'>dicta</span> <span class='ocrx_word' id='word_1_56' title='bbox 422 1057 499 1113; x_wconf 89' lang='lat' dir='ltr'>sit</span> <span class='ocrx_word' id='word_1_57' title='bbox 525 1057 709 1116; x_wconf 87' lang='lat' dir='ltr'>Maria</span> <span class='ocrx_word' id='word_1_58' title='bbox 751 1074 854 1130; x_wconf 89' lang='lat' dir='ltr'>pro</span> <span class='ocrx_word' id='word_1_59' title='bbox 885 1058 1125 1116; x_wconf 76' lang='lat' dir='ltr'><em>lenitate</em></span> <span class='ocrx_word' id='word_1_60' title='bbox 1152 1058 1210 1116; x_wconf 86' lang='lat' dir='ltr'>et</span> <span class='ocrx_word' id='word_1_61' title='bbox 1237 1061 1682 1119; x_wconf 76' lang='lat' dir='ltr'>mansuetudime</span> <span class='ocrx_word' id='word_1_62' title='bbox 1709 1077 1834 1120; x_wconf 87' lang='lat' dir='ltr'>con-</span> 
     </span>
     <span class='ocr_line' id='line_1_9' title="bbox 230 1155 1831 1227; baseline 0.003 -16"><span class='ocrx_word' id='word_1_63' title='bbox 230 1155 324 1212; x_wconf 88' lang='lat' dir='ltr'>tra</span> <span class='ocrx_word' id='word_1_64' title='bbox 380 1155 746 1213; x_wconf 83' lang='lat' dir='ltr'>iracundiam.</span> <span class='ocrx_word' id='word_1_65' title='bbox 804 1156 1070 1214; x_wconf 86' lang='lat' dir='ltr'>Iracundi</span> <span class='ocrx_word' id='word_1_66' title='bbox 1129 1158 1275 1214; x_wconf 88' lang='lat' dir='ltr'>enim</span> <span class='ocrx_word' id='word_1_67' title='bbox 1334 1158 1613 1216; x_wconf 88' lang='lat' dir='ltr'>maledicti</span> <span class='ocrx_word' id='word_1_68' title='bbox 1678 1159 1831 1227; x_wconf 87' lang='lat' dir='ltr'>sunt,</span> 
     </span>
     <span class='ocr_line' id='line_1_10' title="bbox 226 1252 1831 1331; baseline 0.002 -20"><span class='ocrx_word' id='word_1_69' title='bbox 226 1252 375 1311; x_wconf 87' lang='lat' dir='ltr'>sicut</span> <span class='ocrx_word' id='word_1_70' title='bbox 396 1253 670 1324; x_wconf 89' lang='lat' dir='ltr'>scriptum</span> <span class='ocrx_word' id='word_1_71' title='bbox 700 1254 788 1311; x_wconf 86' lang='lat' dir='ltr'>est</span> <span class='ocrx_word' id='word_1_72' title='bbox 816 1253 1050 1312; x_wconf 80' lang='lat' dir='ltr'>Genesis</span> <span class='ocrx_word' id='word_1_73' title='bbox 1078 1255 1510 1328; x_wconf 87' lang='lat' dir='ltr'>quadragesimo</span> <span class='ocrx_word' id='word_1_74' title='bbox 1538 1273 1685 1315; x_wconf 90' lang='lat' dir='ltr'>nono</span> <span class='ocrx_word' id='word_1_75' title='bbox 1709 1255 1831 1331; x_wconf 92' lang='lat'><strong>(1):</strong></span> 
     </span>
     <span class='ocr_line' id='line_1_11' title="bbox 225 1348 1835 1429; baseline 0.002 -20"><span class='ocrx_word' id='word_1_76' title='bbox 225 1350 587 1412; x_wconf 80' lang='lat' dir='ltr'>Maledictus</span> <span class='ocrx_word' id='word_1_77' title='bbox 626 1348 800 1420; x_wconf 81' lang='lat' dir='ltr'>furor</span> <span class='ocrx_word' id='word_1_78' title='bbox 848 1369 1068 1426; x_wconf 81' lang='lat' dir='ltr'>eorum,</span> <span class='ocrx_word' id='word_1_79' title='bbox 1117 1354 1261 1426; x_wconf 77' lang='lat' dir='ltr'>quia</span> <span class='ocrx_word' id='word_1_80' title='bbox 1292 1355 1593 1429; x_wconf 65' lang='lat' dir='ltr'>per-tinam,</span> <span class='ocrx_word' id='word_1_81' title='bbox 1635 1358 1691 1413; x_wconf 82' lang='lat' dir='ltr'>et</span> <span class='ocrx_word' id='word_1_82' title='bbox 1741 1357 1835 1413; x_wconf 63' lang='lat' dir='ltr'>ivi-</span> 
     </span>
     <span class='ocr_line' id='line_1_12' title="bbox 228 1449 1834 1524; baseline 0.003 -18"><span class='ocrx_word' id='word_1_83' title='bbox 228 1449 494 1522; x_wconf 75' lang='lat' dir='ltr'>diynatio</span> <span class='ocrx_word' id='word_1_84' title='bbox 537 1467 756 1524; x_wconf 71' lang='lat' dir='ltr'>eorum,</span> <span class='ocrx_word' id='word_1_85' title='bbox 817 1454 959 1524; x_wconf 78' lang='lat' dir='ltr'>quia</span> <span class='ocrx_word' id='word_1_86' title='bbox 1015 1452 1189 1510; x_wconf 78' lang='lat' dir='ltr'>dura.</span> <span class='ocrx_word' id='word_1_87' title='bbox 1249 1452 1461 1510; x_wconf 85' lang='lat' dir='ltr'>Contra</span> <span class='ocrx_word' id='word_1_88' title='bbox 1516 1453 1662 1511; x_wconf 91' lang='lat' dir='ltr'>hanc</span> <span class='ocrx_word' id='word_1_89' title='bbox 1718 1456 1834 1511; x_wconf 90' lang='lat' dir='ltr'>irae</span> 
     </span>
     <span class='ocr_line' id='line_1_13' title="bbox 227 1549 1835 1610; baseline 0.003 -5"><span class='ocrx_word' id='word_1_90' title='bbox 227 1549 674 1608; x_wconf 70' lang='lat' dir='ltr'>maledictionem</span> <span class='ocrx_word' id='word_1_91' title='bbox 716 1550 900 1608; x_wconf 86' lang='lat' dir='ltr'>Maria</span> <span class='ocrx_word' id='word_1_92' title='bbox 943 1550 1192 1609; x_wconf 77' lang='lat' dir='ltr'>obtinuit</span> <span class='ocrx_word' id='word_1_93' title='bbox 1247 1552 1699 1610; x_wconf 87' lang='lat' dir='ltr'>mansuetudinis</span> <span class='ocrx_word' id='word_1_94' title='bbox 1747 1552 1835 1610; x_wconf 89' lang='lat' dir='ltr'>be-</span> 
     </span>
     <span class='ocr_line' id='line_1_14' title="bbox 226 1647 1833 1719; baseline 0.001 -15"><span class='ocrx_word' id='word_1_95' title='bbox 226 1647 616 1705; x_wconf 88' lang='lat' dir='ltr'>nedictionem.</span> <span class='ocrx_word' id='word_1_96' title='bbox 648 1647 819 1706; x_wconf 88' lang='lat' dir='ltr'>Cuius</span> <span class='ocrx_word' id='word_1_97' title='bbox 862 1666 919 1706; x_wconf 88' lang='lat' dir='ltr'>re</span> <span class='ocrx_word' id='word_1_98' title='bbox 951 1666 1084 1706; x_wconf 87' lang='lat' dir='ltr'>vera</span> <span class='ocrx_word' id='word_1_99' title='bbox 1113 1648 1484 1708; x_wconf 88' lang='lat' dir='ltr'>mansuetudo</span> <span class='ocrx_word' id='word_1_100' title='bbox 1511 1649 1677 1708; x_wconf 87' lang='lat' dir='ltr'>tanta</span> <span class='ocrx_word' id='word_1_101' title='bbox 1705 1650 1833 1719; x_wconf 79' lang='lat' dir='ltr'>fuit,</span> 
     </span>
     <span class='ocr_line' id='line_1_15' title="bbox 228 1746 1832 1821; baseline 0.002 -18"><span class='ocrx_word' id='word_1_102' title='bbox 228 1746 377 1819; x_wconf 91' lang='lat' dir='ltr'>quod</span> <span class='ocrx_word' id='word_1_103' title='bbox 407 1763 519 1805; x_wconf 90' lang='lat' dir='ltr'>non</span> <span class='ocrx_word' id='word_1_104' title='bbox 549 1747 729 1805; x_wconf 85' lang='lat' dir='ltr'>solum</span> <span class='ocrx_word' id='word_1_105' title='bbox 760 1750 991 1821; x_wconf 89' lang='lat' dir='ltr'>propria</span> <span class='ocrx_word' id='word_1_106' title='bbox 1018 1749 1106 1805; x_wconf 90' lang='lat' dir='ltr'>ira</span> <span class='ocrx_word' id='word_1_107' title='bbox 1135 1748 1336 1817; x_wconf 89' lang='lat' dir='ltr'>caruit,</span> <span class='ocrx_word' id='word_1_108' title='bbox 1368 1749 1465 1806; x_wconf 86' lang='lat' dir='ltr'>sed</span> <span class='ocrx_word' id='word_1_109' title='bbox 1491 1750 1660 1807; x_wconf 84' lang='lat' dir='ltr'>etiam</span> <span class='ocrx_word' id='word_1_110' title='bbox 1691 1751 1832 1807; x_wconf 88' lang='lat' dir='ltr'>iram</span> 
     </span>
     <span class='ocr_line' id='line_1_16' title="bbox 229 1844 1835 1920; baseline 0.002 -18"><span class='ocrx_word' id='word_1_111' title='bbox 229 1844 455 1904; x_wconf 88' lang='lat' dir='ltr'>Domini</span> <span class='ocrx_word' id='word_1_112' title='bbox 511 1846 583 1903; x_wconf 91' lang='lat' dir='ltr'>ad</span> <span class='ocrx_word' id='word_1_113' title='bbox 625 1847 1112 1904; x_wconf 87' lang='lat' dir='ltr'>mansuetudinem</span> <span class='ocrx_word' id='word_1_114' title='bbox 1157 1847 1470 1916; x_wconf 81' lang='lat' dir='ltr'>convertit3</span> <span class='ocrx_word' id='word_1_115' title='bbox 1514 1848 1661 1905; x_wconf 90' lang='lat' dir='ltr'>unde</span> <span class='ocrx_word' id='word_1_116' title='bbox 1709 1849 1835 1920; x_wconf 89' lang='lat' dir='ltr'>ipsa</span> 
     </span>
     <span class='ocr_line' id='line_1_17' title="bbox 230 1942 1832 2018; baseline 0 -18"><span class='ocrx_word' id='word_1_117' title='bbox 230 1942 369 2000; x_wconf 86' lang='lat' dir='ltr'>bene</span> <span class='ocrx_word' id='word_1_118' title='bbox 413 1960 513 2015; x_wconf 86' lang='lat' dir='ltr'>per</span> <span class='ocrx_word' id='word_1_119' title='bbox 555 1943 712 2001; x_wconf 87' lang='lat' dir='ltr'>illam</span> <span class='ocrx_word' id='word_1_120' title='bbox 756 1943 984 2017; x_wconf 86' lang='lat' dir='ltr'>Abigail</span> <span class='ocrx_word' id='word_1_121' title='bbox 1027 1944 1310 2018; x_wconf 86' lang='lat' dir='ltr'>signatur,</span> <span class='ocrx_word' id='word_1_122' title='bbox 1348 1946 1434 2002; x_wconf 92' lang='lat' dir='ltr'>cui</span> <span class='ocrx_word' id='word_1_123' title='bbox 1478 1945 1660 2003; x_wconf 82' lang='lat' dir='ltr'>David</span> <span class='ocrx_word' id='word_1_124' title='bbox 1689 1945 1832 2003; x_wconf 85' lang='lat' dir='ltr'>dixit</span> 
     </span>
     <span class='ocr_line' id='line_1_18' title="bbox 231 2039 1836 2117; baseline 0.002 -19"><span class='ocrx_word' id='word_1_125' title='bbox 231 2043 400 2114; x_wconf 89' lang='lat' dir='ltr'>primi</span> <span class='ocrx_word' id='word_1_126' title='bbox 458 2041 673 2115; x_wconf 86' lang='lat' dir='ltr'>Regum</span> <span class='ocrx_word' id='word_1_127' title='bbox 730 2043 1000 2116; x_wconf 85' lang='lat' dir='ltr'>vigesimo</span> <span class='ocrx_word' id='word_1_128' title='bbox 1056 2043 1255 2116; x_wconf 86' lang='lat' dir='ltr'>quinto</span> <span class='ocrx_word' id='word_1_129' title='bbox 1287 2043 1408 2117; x_wconf 88' lang='lat'>(2):</span> <span class='ocrx_word' id='word_1_130' title='bbox 1452 2039 1836 2102; x_wconf 76' lang='lat' dir='ltr'>Benedictum</span> 
     </span>
     <span class='ocr_line' id='line_1_19' title="bbox 226 2140 1835 2214; baseline 0.001 -17"><span class='ocrx_word' id='word_1_131' title='bbox 226 2140 524 2212; x_wconf 78' lang='lat' dir='ltr'>eloquium</span> <span class='ocrx_word' id='word_1_132' title='bbox 567 2144 750 2212; x_wconf 79' lang='lat' dir='ltr'>tuum,</span> <span class='ocrx_word' id='word_1_133' title='bbox 780 2144 833 2198; x_wconf 82' lang='lat' dir='ltr'>et</span> <span class='ocrx_word' id='word_1_134' title='bbox 863 2140 1159 2199; x_wconf 75' lang='lat' dir='ltr'>benedicta</span> <span class='ocrx_word' id='word_1_135' title='bbox 1190 2144 1273 2213; x_wconf 78' lang='lat' dir='ltr'>tu,</span> <span class='ocrx_word' id='word_1_136' title='bbox 1304 2157 1452 2214; x_wconf 78' lang='lat' dir='ltr'>quae</span> <span class='ocrx_word' id='word_1_137' title='bbox 1469 2142 1835 2213; x_wconf 76' lang='lat' dir='ltr'>prohibuisti</span> 
     </span>
     <span class='ocr_line' id='line_1_20' title="bbox 230 2239 1835 2312; baseline 0.001 -17"><span class='ocrx_word' id='word_1_138' title='bbox 230 2255 340 2312; x_wconf 84' lang='lat' dir='ltr'>me,</span> <span class='ocrx_word' id='word_1_139' title='bbox 381 2254 453 2295; x_wconf 74' lang='lat' dir='ltr'>ne</span> <span class='ocrx_word' id='word_1_140' title='bbox 494 2239 641 2296; x_wconf 82' lang='lat' dir='ltr'>irem</span> <span class='ocrx_word' id='word_1_141' title='bbox 683 2239 852 2298; x_wconf 79' lang='lat' dir='ltr'>hodie</span> <span class='ocrx_word' id='word_1_142' title='bbox 905 2239 986 2296; x_wconf 81' lang='lat' dir='ltr'>ad</span> <span class='ocrx_word' id='word_1_143' title='bbox 1043 2241 1394 2312; x_wconf 71' lang='lat' dir='ltr'>sanquinem</span> <span class='ocrx_word' id='word_1_144' title='bbox 1436 2243 1490 2297; x_wconf 84' lang='lat' dir='ltr'>et</span> <span class='ocrx_word' id='word_1_145' title='bbox 1529 2240 1835 2300; x_wconf 78' lang='lat' dir='ltr'>ulciscerer</span> 
     </span>
     <span class='ocr_line' id='line_1_21' title="bbox 227 2337 1833 2410; baseline 0.001 -16"><span class='ocrx_word' id='word_1_146' title='bbox 227 2353 318 2394; x_wconf 85' lang='lat' dir='ltr'>me</span> <span class='ocrx_word' id='word_1_147' title='bbox 358 2354 543 2394; x_wconf 73' lang='lat' dir='ltr'>manu</span> <span class='ocrx_word' id='word_1_148' title='bbox 583 2353 728 2395; x_wconf 83' lang='lat' dir='ltr'>mea.</span> <span class='ocrx_word' id='word_1_149' title='bbox 771 2337 1072 2410; x_wconf 89' lang='lat' dir='ltr'>Proprium</span> <span class='ocrx_word' id='word_1_150' title='bbox 1116 2339 1206 2396; x_wconf 85' lang='lat' dir='ltr'>est</span> <span class='ocrx_word' id='word_1_151' title='bbox 1253 2338 1357 2397; x_wconf 91' lang='lat' dir='ltr'>hoc</span> <span class='ocrx_word' id='word_1_152' title='bbox 1410 2340 1833 2397; x_wconf 76' lang='lat' dir='ltr'>mansuetorum</span> 
     </span>
     <span class='ocr_line' id='line_1_22' title="bbox 230 2435 1836 2509; baseline 0.002 -17"><span class='ocrx_word' id='word_1_153' title='bbox 230 2435 543 2493; x_wconf 83' lang='lat' dir='ltr'>mansuetis</span> <span class='ocrx_word' id='word_1_154' title='bbox 585 2435 773 2493; x_wconf 87' lang='lat' dir='ltr'>verbis</span> <span class='ocrx_word' id='word_1_155' title='bbox 802 2436 1064 2509; x_wconf 84' lang='lat' dir='ltr'>frangere</span> <span class='ocrx_word' id='word_1_156' title='bbox 1104 2438 1246 2495; x_wconf 90' lang='lat' dir='ltr'>iram</span> <span class='ocrx_word' id='word_1_157' title='bbox 1278 2436 1634 2505; x_wconf 88' lang='lat' dir='ltr'>offensorum,</span> <span class='ocrx_word' id='word_1_158' title='bbox 1677 2437 1836 2495; x_wconf 83' lang='lat' dir='ltr'>iuxta</span> 
     </span>
     <span class='ocr_line' id='line_1_23' title="bbox 228 2533 1834 2610; baseline 0.002 -20"><span class='ocrx_word' id='word_1_159' title='bbox 228 2533 371 2590; x_wconf 86' lang='lat' dir='ltr'>illud</span> <span class='ocrx_word' id='word_1_160' title='bbox 402 2533 832 2593; x_wconf 84' lang='lat' dir='ltr'>Proverbiorum</span> <span class='ocrx_word' id='word_1_161' title='bbox 876 2534 1086 2594; x_wconf 83' lang='lat' dir='ltr'>decimo</span> <span class='ocrx_word' id='word_1_162' title='bbox 1115 2535 1314 2608; x_wconf 91' lang='lat' dir='ltr'>quinto</span> <span class='ocrx_word' id='word_1_163' title='bbox 1345 2535 1465 2610; x_wconf 86' lang='lat'>(3):</span> <span class='ocrx_word' id='word_1_164' title='bbox 1509 2536 1834 2608; x_wconf 81' lang='lat' dir='ltr'>Responsio</span> 
     </span>
     <span class='ocr_line' id='line_1_24' title="bbox 228 2629 1836 2707; baseline 0.002 -19"><span class='ocrx_word' id='word_1_165' title='bbox 228 2629 429 2689; x_wconf 80' lang='lat' dir='ltr'>mollis</span> <span class='ocrx_word' id='word_1_166' title='bbox 486 2629 719 2705; x_wconf 62' lang='lat' dir='ltr'>frangit</span> <span class='ocrx_word' id='word_1_167' title='bbox 773 2633 943 2690; x_wconf 87' lang='lat' dir='ltr'>iram.</span> <span class='ocrx_word' id='word_1_168' title='bbox 1018 2632 1320 2692; x_wconf 86' lang='lat' dir='ltr'>Mansueta</span> <span class='ocrx_word' id='word_1_169' title='bbox 1385 2633 1614 2707; x_wconf 85' lang='lat' dir='ltr'>Abigail</span> <span class='ocrx_word' id='word_1_170' title='bbox 1677 2650 1836 2692; x_wconf 89' lang='lat' dir='ltr'>man-</span> 
     </span>
    </p>
   </div>
   <div class='ocr_carea' id='block_1_3' title="bbox 230 2775 547 2783">
    <p class='ocr_par' dir='ltr' id='par_1_4' title="bbox 230 2775 547 2783">
     <span class='ocr_line' id='line_1_25' title="bbox 230 2775 547 2783; baseline 0 0"><span class='ocrx_word' id='word_1_171' title='bbox 230 2775 547 2783; x_wconf 95' lang='lat' dir='ltr'> </span> 
     </span>
    </p>
   </div>
   <div class='ocr_carea' id='block_1_4' title="bbox 355 2861 1831 3004">
    <p class='ocr_par' dir='ltr' id='par_1_5' title="bbox 355 2861 1831 3004">
     <span class='ocr_line' id='line_1_26' title="bbox 359 2861 660 2921; baseline 0.003 -14"><span class='ocrx_word' id='word_1_172' title='bbox 359 2862 405 2921; x_wconf 87' lang='lat'>1)</span> <span class='ocrx_word' id='word_1_173' title='bbox 441 2861 577 2909; x_wconf 76' lang='lat' dir='ltr'>Vere.</span> <span class='ocrx_word' id='word_1_174' title='bbox 615 2863 660 2908; x_wconf 86' lang='grc'>7.</span> 
     </span>
     <span class='ocr_line' id='line_1_27' title="bbox 355 2942 1831 3004; baseline 0.003 -16"><span class='ocrx_word' id='word_1_175' title='bbox 355 2943 406 3001; x_wconf 82' lang='grc'>2)</span> <span class='ocrx_word' id='word_1_176' title='bbox 441 2942 575 2989; x_wconf 72' lang='lat' dir='ltr'>Vere.</span> <span class='ocrx_word' id='word_1_177' title='bbox 612 2943 774 2990; x_wconf 82' lang='lat'><strong>32·33.</strong></span> <span class='ocrx_word' id='word_1_178' title='bbox 1528 2946 1576 3004; x_wconf 84' lang='lat'>3)</span> <span class='ocrx_word' id='word_1_179' title='bbox 1612 2945 1747 2993; x_wconf 77' lang='lat' dir='ltr'>VerS.</span> <span class='ocrx_word' id='word_1_180' title='bbox 1788 2945 1831 2992; x_wconf 90' lang='lat'>1.</span> 
     </span>
    </p>
   </div>
  </div>
 </body>
</html>
