2237 3481
395 239 513 303 182
904 256 1194 304 srsscmmn
1234 258 1285 303 B.
1328 256 1390 305 u.
1432 256 1488 306 v.

396 456 562 515 beato
615 455 904 515 Bernardo
935 455 1044 532 (1),
1087 458 1184 530 qui
1233 457 1314 515 sic
1367 456 1479 514 ait:
1540 479 1569 508 α
1597 456 1681 514 Tu
1736 457 1999 516 ardorem

390 556 602 614 vetitae
663 556 1146 629 concupiscentiae
1186 555 1400 614 virtute
1442 556 1729 614 castitatis
1780 558 1839 613 in
1896 556 2001 615 tua

394 656 650 728 virginea
690 671 858 713 carno
899 655 1135 713 eatenus
1176 654 1514 724 exstinxisti,
1544 655 1610 713 ut
1643 655 1711 725 is,
1742 656 1800 713 in
1837 655 2000 713 cuius

391 753 694 827 conspectu
735 770 836 812 nec
874 753 1035 811 astra
1074 753 1287 811 munda
1328 753 1482 823 sunt,
1527 754 1723 812 tantae
1773 754 2001 812 mundi-

390 854 504 911 tiae
545 870 770 911 carnem
813 852 970 910 tuam
1011 852 1362 923 iudicaverit,
1392 853 1460 910 ut
1485 869 1604 911 eam
1635 852 1861 911 divinae
1898 869 2001 926 pu-

389 952 551 1010 ritati
592 952 956 1026 agglutinare
1013 968 1127 1010 non
1178 949 1579 1024 despexerit».
1627 951 1767 1025 Ipsa
1821 951 1998 1009 etiam

389 1050 722 1124 virginitate
763 1067 867 1108 sua
907 1050 1108 1109 avibus
1170 1051 1329 1120 caeli,
1369 1050 1427 1108 id
1468 1050 1557 1108 est
1610 1051 1830 1124 angelis
1870 1050 1998 1120 Dei,

388 1150 559 1223 grata
599 1150 727 1219 fuit,
782 1151 931 1223 quia,
987 1149 1054 1208 ut
1093 1150 1471 1224 Hieronymus
1496 1148 1585 1225 (2)
1627 1149 1729 1219 ait,
1795 1171 1826 1201 a:
1856 1166 1999 1208 sem-

390 1265 492 1321 per
553 1248 642 1306 est
699 1249 921 1321 angelis
989 1248 1233 1327 cognata
1301 1248 1605 1322 virginitas
1631 1271 1689 1305 a».
1746 1247 1998 1322 Propter

389 1347 495 1406 hoc
543 1347 681 1405 bene
721 1346 933 1420 legitur
977 1345 1209 1404 Genesis
1261 1346 1554 1420 trigesimo
1610 1346 1852 1404 secundo
1882 1345 1996 1421 (3),

389 1445 536 1518 quod
576 1446 813 1519 angelus
856 1446 914 1503 in
950 1461 1157 1503 aurora
1199 1444 1480 1502 benedixit
1519 1444 1707 1504 Iacob.
1749 1444 1859 1502 Hic
1897 1444 1999 1503 Ia-

388 1544 490 1604 cob
531 1544 793 1617 spiritum
836 1544 1053 1602 castum
1098 1544 1289 1616 potest
1330 1545 1574 1617 signare,
1616 1544 1713 1617 qui
1753 1542 1995 1602 fratrem

389 1660 573 1712 suum,
614 1643 670 1701 id
711 1642 800 1701 est
827 1659 1031 1715 corpus
1061 1659 1244 1711 suum,
1273 1641 1438 1700 debet
1474 1641 1850 1714 supplantare
1878 1642 1998 1716 (4).

387 1743 494 1800 Hic
535 1758 647 1801 non
709 1742 889 1801 solum
947 1759 982 1799 a
1037 1740 1229 1811 Patre,
1287 1742 1383 1799 sed
1437 1740 1607 1799 etiam
1658 1739 1731 1798 ab
1787 1742 1998 1815 angelo

389 1841 735 1899 benedicitur
775 1841 833 1899 in
875 1857 1100 1909 aurora,
1143 1840 1248 1899 hoc
1289 1841 1378 1898 est
1418 1841 1474 1897 in
1505 1839 1826 1898 castissima
1867 1839 1998 1899 Vir·

385 1940 516 2013 gine
556 1939 757 2008 Maria,
799 1940 888 1997 cui
950 1939 1191 2011 angelus
1231 1939 1375 1996 dixit
1414 1938 1598 1996 Lucae
1649 1938 1832 2010 primo
1864 1939 1995 2013 (5):

389 2037 710 2096 Benedicta
753 2040 817 2095 tu
855 2037 922 2095 in
951 2036 1314 2096 mulieribus.
1342 2070 1423 2079 —
1448 2036 1614 2106 Item,
1634 2036 1900 2109 pulchra
1927 2041 2001 2096 ut

390 2136 534 2193 luna
577 2135 686 2193 fuit
725 2135 902 2208 Virgo
942 2135 1127 2193 Maria
1175 2136 1233 2193 in
1289 2136 1570 2194 luminosa
1621 2136 1999 2210 viryinitatis

386 2231 756 2303 fecunditate.
798 2233 1168 2292 Pulchritudo
1209 2235 1354 2292 enim
1397 2235 1565 2292 lunae
1614 2235 1879 2293 consistit
1933 2236 1996 2294 in

385 2334 597 2391 lumine
638 2332 861 2404 recepto
890 2349 924 2390 a
953 2333 1086 2391 sole.
1116 2332 1303 2391 Pensa
1327 2333 1523 2406 igitur,
1552 2349 1719 2406 quam
1751 2333 1998 2408 pulchra

514 2617 559 2676 l)
595 2616 812 2676 Egbert.,
847 2618 937 2664 loc.
974 2617 1058 2664 cit.
1094 2632 1145 2665 n.
1181 2619 1229 2666 5.

509 2697 558 2757 2)
593 2695 748 2756 Epist.
776 2698 824 2744 9.
848 2698 909 2744 ad
936 2698 1070 2745 Paul.
1095 2700 1147 2745 et
1166 2698 1392 2746 Eustoch.
1428 2698 1574 2759 (inter
1594 2712 1736 2758 opera
1766 2699 1993 2760 Hieron.)

1647 2779 1696 2839 3)
1731 2780 1870 2827 VerS.
1904 2781 1992 2828 29.

386 2778 499 2823 n.5

505 2858 555 2918 4)
591 2857 707 2905 Gen.
742 2859 822 2918 27,
859 2859 935 2906 36.
972 2861 1023 2906 et
1054 2860 1171 2907 Osee
1207 2860 1282 2918 12,
1318 2859 1365 2907 3.

400 2995 405 2998 v
505 2938 555 2999 5)
591 2939 727 2986 Vers.
761 2939 841 2986 28.
