2237 3481
869 271 1070 315 nmmo
1110 271 1188 313 1x.
1235 336 1240 341 .
1720 252 1834 313 127

225 480 388 523 omne
443 462 689 533 tempus,
743 462 839 520 sed
895 461 1066 520 etiam
1132 462 1204 520 ad
1267 478 1482 520 omnem
1531 460 1722 519 locum
1778 479 1837 519 se

224 559 496 629 extendit,
540 560 688 619 siout
727 562 840 618 iam
882 559 1068 618 dictus
1098 559 1377 632 propheta
1401 557 1490 634 (1)
1524 559 1837 629 declaranS,

225 660 393 718 dicit:
438 658 498 717 A
551 659 697 717 solis
753 662 888 715 ortu
935 674 1118 729 usque
1169 659 1250 717 ad
1296 674 1584 730 oceasum,
1630 657 1840 716 lauda-

227 758 341 817 bile
381 773 591 815 nomen
640 756 906 815 Domini.
951 755 1110 824 Ecce,
1162 756 1363 825 Maria,
1421 755 1671 828 quantus
1728 755 1841 815 Do-

229 858 438 923 minuS‚
502 871 670 927 quam
736 853 1062 913 nominatus
1120 854 1394 912 Dominus
1456 853 1562 923 est,
1618 854 1715 927 qui
1765 853 1841 911 te·

224 971 351 1013 oum
402 953 516 1012 est!
561 952 619 1010 et
673 953 806 1025 quia
862 948 1138 1011 Dominus
1192 952 1684 1011 nominatissimus
1740 969 1838 1010 seu

224 1052 640 1111 famosissimus
680 1051 770 1109 est
812 1052 1016 1118 tecum,
1058 1050 1183 1109 ideo
1238 1049 1297 1108 et
1352 1050 1418 1108 tu
1471 1068 1531 1109 es
1586 1050 1842 1110 famosis-

225 1152 371 1209 sima
414 1151 531 1208 sive
580 1149 1036 1208 nominatissima
1098 1165 1306 1206 secum.
1349 1149 1432 1206 Tu
1496 1150 1643 1207 enim
1701 1149 1840 1207 bene

226 1248 461 1323 signata
502 1264 562 1306 es
627 1265 726 1320 per
782 1247 942 1305 illam
1006 1247 1183 1316 Ruth,
1224 1247 1291 1312 de
1334 1264 1444 1320 qua
1504 1247 1719 1320 legitur
1748 1247 1838 1323 (2)

225 1349 338 1406 sio:
386 1346 481 1405 Sit
520 1346 845 1417 exemplum
884 1347 1124 1404 virtutis
1165 1347 1230 1404 in
1284 1345 1585 1418 Ephrata,
1628 1347 1684 1403 et
1738 1345 1839 1402 ha·

222 1447 355 1505 beat
396 1444 607 1502 celebre
646 1460 857 1502 nomen
893 1445 956 1501 in
987 1444 1345 1517 Bethlehem,
1373 1444 1428 1501 id
1459 1442 1632 1501 estin
1655 1442 1840 1501 Eocle-

223 1544 330 1601 sia.
373 1542 420 1600 Ο
461 1542 809 1600 celeberrimi
851 1543 1096 1600 nominis
1138 1542 1339 1611 Maria,
1382 1541 1662 1615 quomodo
1714 1556 1837 1614 pos-

223 1641 314 1700 set
355 1657 560 1699 nomen
605 1640 765 1698 tuum
823 1657 936 1700 non
992 1658 1114 1698 esse
1169 1637 1404 1707 deleme,
1462 1656 1604 1712 quae
1668 1640 1837 1697 etiam

221 1738 425 1799 devote
468 1740 749 1799 nominari
793 1742 904 1798 no'n
949 1739 1109 1812 potes
1154 1740 1274 1797 sine
1316 1738 1663 1797 nominantis
1692 1737 1842 1796 utili-

224 1839 395 1897 tate?
436 1837 708 1896 Testatur
749 1838 853 1896 hoc
914 1839 1050 1896 tuus
1105 1837 1433 1896 Ber-nardus
1464 1837 1574 1912 (3),
1618 1837 1838 1895 dicens:

233 1960 264 1989 α
294 1935 342 1995 Ο
398 1953 626 2009 magna,
671 1953 702 1995 o
747 1938 858 2009 pia,
916 1953 947 1995 o
989 1936 1237 1994 multum
1277 1935 1581 1994 laudabilis
1623 1934 1837 1993 Maria!

223 2037 291 2093 tu
322 2051 426 2093 nec
454 2035 735 2093 nominari
768 2035 946 2106 potos,
976 2037 1112 2107 quin
1141 2035 1431 2103 accendam,
1462 2051 1563 2092 nec
1599 2033 1839 2106 cogitari

224 2133 472 2207 quidem,
514 2133 651 2205 quin
695 2149 910 2189 recrees
951 2131 1189 2189 affectus
1230 2131 1585 2204 diligentium
1645 2132 1732 2201 te;
1775 2131 1841 2188 tu

222 2248 520 2304 nunquam
565 2231 684 2288 sine
725 2228 1014 2288 dulcedine
1055 2230 1330 2288 divinitus
1373 2230 1476 2287 tibi
1512 2229 1686 2287 insita
1716 2230 1841 2302 piae

224 2330 531 2388 memoriae
573 2328 772 2401 portas
814 2328 1129 2401 ingrederis
1156 2351 1213 2384 ».
1257 2329 1439 2385 Maria
1468 2344 1602 2400 ergo
1631 2328 1842 2400 optime

223 2428 461 2502 signata
504 2427 594 2485 est
635 2427 810 2484 etiam
853 2444 952 2499 per
993 2427 1153 2483 illam
1196 2426 1556 2485 famosissimi
1601 2427 1842 2484 nominis

222 2526 496 2585 feminam
538 2525 756 2595 Iudith,
799 2526 865 2583 de
907 2542 1019 2598 qua
1069 2523 1345 2597 scriptum
1395 2524 1483 2581 est
1513 2524 1634 2599 (4):
1679 2526 1844 2583 Haec

357 2774 404 2835 1)
440 2772 562 2822 Ibid.
598 2788 645 2820 v.
684 2775 731 2822 3.
1422 2775 1471 2833 2)
1507 2774 1636 2820 Ruth
1671 2774 1719 2832 4,
1760 2774 1835 2820 11.

354 2854 404 2915 3)
441 2853 607 2902 Potius
639 2855 858 2914 Egbert„
894 2854 1041 2902 Serm.
1067 2868 1238 2914 paneg.
1276 2855 1336 2902 ad
1371 2855 1425 2900 B.
1463 2855 1527 2900 M.
1564 2854 1622 2900 V.
1657 2867 1707 2901 n.
1744 2855 1791 2901 6.

353 2936 405 2995 4)
440 2934 603 2982 Iudith
638 2935 685 2993 8,
721 2935 768 2981 8.
