2237 3481
422 246 539 304 206
927 261 1220 303 srncunuu
1260 262 1313 301 B.
1355 261 1416 303 u.
1462 260 1517 302 v.

422 455 518 527 qui
560 454 641 512 sic
679 453 792 511 ait:
846 475 876 504 α
903 451 990 511 Sit
1031 451 1265 525 pietatis
1305 451 1455 521 tuae,
1498 450 1675 524 Virgo
1713 450 2027 521 benedicta,

420 554 626 625 ipsam,
667 568 838 625 quam
881 551 1033 624 apud
1073 551 1254 610 Deum
1317 551 1594 620 meruisti,
1634 550 1886 624 gratiam
1937 567 2030 610 no-

421 651 541 708 tam
584 650 766 708 facere
809 650 1033 718 mundo,
1077 649 1190 706 reis
1232 648 1472 717 veniam,
1514 648 1702 721 aegris
1731 647 2028 717 medelam,

422 748 650 820 pusillis
690 747 852 806 corde
894 746 1084 814 robur,
1113 745 1342 804 afflictis
1379 743 1838 814 consolationem,
1870 761 2030 817 pere-

422 845 788 920 grinantibus
819 843 907 920 (1)
951 843 1293 904 adiutorium
1350 844 1409 901 et
1460 843 1852 902 liberationem
1905 860 2031 901 san-

423 943 533 1003 ctis
575 943 691 1001 tuis
733 943 993 1016 precibus
1034 940 1336 1001 obtinendo
1363 964 1421 999 ιι.
1463 974 1544 983 -
1571 941 1730 1010 Ecce,
1759 941 2026 1009 vidimuS,

422 1059 455 1102 o
496 1041 820 1100 dulcissima
861 1041 1061 1109 Maria,
1104 1041 1237 1113 quia
1266 1039 1330 1097 tu
1359 1056 1420 1098 es
1448 1055 1577 1098 vere
1604 1038 1898 1097 benedicta
1927 1056 2029 1112 pro

424 1140 527 1197 tua
575 1138 877 1213 multiplici
936 1137 1349 1206 misericordia3
1412 1136 1722 1206 benedicta,
1774 1138 2028 1210 inquam,

422 1255 500 1306 οε,
542 1239 674 1310 quia
716 1254 818 1310 per
860 1236 916 1295 te
961 1236 1113 1294 Deus
1155 1236 1369 1295 homini
1412 1234 1692 1309 placatur,
1734 1235 2030 1297 benedicta

420 1353 499 1404 ee,
540 1337 674 1409 quia
715 1352 815 1408 per
857 1334 913 1392 te
953 1333 1120 1393 homo
1148 1334 1265 1394 Deo
1304 1333 1684 1407 gratificatur,
1713 1332 2030 1403 benedicta,

420 1435 552 1507 quia
594 1450 694 1506 per
734 1433 791 1491 te
833 1432 1091 1491 diabolus
1137 1432 1209 1489 ab
1251 1431 1474 1490 homine
1510 1429 1838 1504 superatur.
1868 1431 2028 1490 Heu!

420 1548 589 1605 quam
629 1532 797 1605 longe
838 1530 910 1589 ab
951 1530 1058 1589 hac
1098 1530 1312 1588 Mariae
1365 1529 1747 1588 benedictione
1788 1529 1881 1587 est
1920 1531 2031 1588 cui-

421 1646 655 1701 cumque
698 1629 851 1687 Deus
907 1629 1170 1702 placatus
1210 1644 1323 1686 non
1384 1628 1490 1698 est,
1533 1628 1870 1700 quicumque
1912 1627 2030 1686 Deo

419 1726 625 1802 gratus
667 1743 778 1808 non
820 1727 925 1795 est,
969 1727 1304 1800 quicumque
1346 1743 1382 1784 a
1422 1724 1642 1785 diabolo
1686 1724 2031 1800 subiugatus

421 1826 527 1895 est,
570 1826 628 1884 et
669 1825 791 1885 ideo
830 1825 965 1884 talis
1007 1843 1042 1883 a
1086 1826 1202 1884 Deo
1246 1823 1659 1883 maledicendus
1700 1826 1809 1883 est.

581 1924 796 1994 Quarto
859 1923 1121 1996 pensate,
1185 1921 1495 1992 carissimi,
1557 1921 1834 1996 quomodo
1898 1940 2030 1981 vere

424 2022 715 2081 benedicta
758 2022 836 2080 sit
875 2022 1058 2080 Maria
1100 2021 1335 2094 propter
1388 2019 1855 2094 maynitudinem
1906 2022 2032 2095 ylo-

420 2123 547 2180 riae
586 2137 747 2194 suae,
790 2123 949 2179 iuxta
990 2120 1132 2178 illud
1174 2118 1480 2177 Ezechielis
1534 2120 1704 2178 tertio
1736 2118 1861 2193 (2):
1920 2120 2028 2178 Be-

419 2220 651 2279 nedicta
685 2220 885 2293 ylorc‘a
924 2219 1174 2278 Domini
1215 2217 1283 2276 de
1325 2218 1445 2276 loco
1485 2235 1607 2276 suc.
1651 2215 1869 2276 Gloria
1910 2219 2033 2276 Do-

421 2319 568 2376 mim‘
609 2318 698 2375 est
737 2317 985 2391 gloriosa
1028 2317 1209 2374 mater
1253 2316 1495 2384 Domini,
1556 2332 1698 2388 quae
1753 2332 1887 2374 vere
1943 2316 2031 2374 be-

418 2416 642 2475 nedicta
684 2418 772 2473 est
815 2415 1048 2488 propter
1089 2416 1352 2488 gloriam,
1381 2431 1551 2487 quam
1593 2413 1767 2471 habet
1806 2414 2028 2473 deloco

421 2530 522 2572 suo
552 2514 805 2586 duplici3
850 2512 1163 2586 benedicta,
1207 2514 1454 2586 inquam,
1498 2512 1587 2570 est
1628 2512 1694 2570 de
1737 2512 1880 2581 loce,
1920 2528 2031 2586 quo

419 2612 600 2670 Filius
641 2612 760 2669 eius
800 2611 951 2684 apud
1006 2612 1190 2684 ipsam
1248 2609 1525 2683 requievit
1577 2610 1642 2668 in
1692 2613 1883 2683 utere,
1944 2611 2032 2669 be-

418 2709 644 2769 nedicta
684 2726 903 2782 quoque
945 2708 1034 2767 est
1075 2709 1143 2766 de
1184 2709 1321 2774 loco,
1366 2724 1475 2781 quo
1517 2708 1643 2781 ipsa
1703 2706 1856 2781 apud
1902 2725 2030 2766 eum

549 2922 593 2980 1)
629 2920 758 2967 Edit.
795 2899 952 2979 Migue
979 2920 1408 2979 periclitantibus.
1681 2919 1732 2980 2)
1768 2920 1909 2967 Vere.
1952 2919 2028 2967 12.
