2237 3481
851 254 1050 297 Luc'rxo
1092 253 1214 295 xm.
1696 255 1698 262 ⁴
1720 235 1835 296 179

230 447 302 505 ad
344 447 555 521 Regem
596 446 812 519 gloriae
852 445 1191 519 ingrediens,
1250 445 1433 503 Maria
1475 462 1627 519 ergo,
1670 447 1841 503 caris-

229 547 377 616 simi,
419 545 511 604 est
563 546 667 603 illa
717 546 934 618 regina,
984 545 1052 602 de
1102 561 1215 618 qua
1257 544 1415 603 teriii
1475 544 1692 618 Regum
1731 545 1837 603 rde-

226 645 371 704 cimo
400 643 491 719 (1)
534 643 759 713 dieitur,
801 644 948 717 quod
989 644 1259 717 inyressa
1306 646 1392 701 est
1429 644 1637 717 reyina
1676 641 1837 702 Saba

182 757 183 760 ’
226 741 560 802 Ierusalem
599 758 732 800 cwm
773 743 1060 801 comitatu
1099 742 1285 800 multo
1329 744 1385 800 et
1411 741 1651 800 divitiis.
1691 741 1836 801 Vere

225 843 427 916 regina
470 840 559 899 est
607 841 809 909 Maria,
866 840 1012 899 teste
1063 840 1407 913 Augustino,
1429 841 1546 914 .qui
1596 841 1681 899 ait
1711 840 1833 917 (2):

233 963 264 992 α
291 940 462 998 Hanc
501 956 632 998 vere
674 939 956 997 fateamur
984 940 1239 1013 reginam
1269 940 1570 1009 caelorum,
1612 956 1716 1012 pro
1753 956 1835 1009 eo,

222 1038 376 1114 quod
415 1038 626 1111 Regem
689 1038 912 1111 peperit
963 1039 1295 1111 angelorum
1323 1062 1381 1095 ».
1422 1039 1527 1097 Sed
1583 1040 1715 1112 quia
1769 1040 1836 1097 de

223 1138 334 1196 hac
388 1137 588 1210 regina
629 1137 871 1194 disserui
924 1137 983 1194 in
1038 1136 1303 1195 Sermone
1334 1136 1455 1212 (3):
1501 1135 1717 1196 Astitit
1754 1154 1838 1195 re-

218 1238 371 1311 yina
411 1235 538 1304 ete„
580 1235 701 1293 ideo
743 1252 893 1293 nunc
919 1235 986 1292 de
1015 1235 1134 1293 eius
1161 1236 1420 1308 ingressu
1450 1236 1834 1295 disserendum

222 1336 334 1393 est.
377 1334 858 1393 Considerandum
903 1350 1037 1407 ergo
1078 1334 1185 1402 est,
1229 1335 1374 1407 quod
1403 1335 1642 1393 Mariam
1684 1351 1836 1409 eyre-

222 1434 494 1505 dientem,
534 1431 1020 1506 proyredientem,
1061 1432 1476 1506 inq-redientem
1535 1433 1594 1491 et
1632 1450 1837 1507 super-

218 1532 578 1605 9redientem
616 1532 955 1589 invenimus.
985 1530 1267 1603 Egressus
1295 1532 1416 1589 eius
1443 1531 1532 1589 est
1565 1535 1834 1606 naturae,

224 1621 568 1703 p'rogressus
605 1630 860 1702 yratiae,
901 1630 1195 1702 ingressus
1218 1628 1468 1702 yloriae,
1512 1646 1837 1704 supergres-

225 1745 326 1787 sus
367 1727 965 1800 superabundantiae.
994 1728 1241 1803 Egressa
1270 1726 1358 1786 est
1383 1728 1680 1798 nascendo,
1711 1746 1836 1802 pro-

223 1843 428 1901 gressa
469 1825 826 1899 proficiendo,
871 1828 1129 1900 ingressa
1188 1826 1579 1898 perveniendo,
1644 1843 1835 1899 super-

222 1941 426 1999 gressa
468 1940 661 1983 omnes
697 1924 924 1983 sanctos
953 1925 1277 1984 excedendo.
1324 1924 1570 1997 Egressa
1600 1925 1687 1982 est
1715 1926 1834 1983 sine

224 2022 475 2096 peccate,
540 2039 842 2096 progressa
903 2023 1022 2081 sine
1079 2024 1349 2095 exemp10,
1400 2024 1658 2095 ingressa
1714 2024 1835 2081 sine

223 2122 539 2191 obstacuIO,
583 2138 954 2195 supergressa
996 2123 1115 2180 sine
1159 2122 1419 2180 termino.

387 2220 580 2280 Primo
619 2221 929 2293 considera,
968 2221 1279 2299 parissime,
1320 2221 1466 2294 quod
1516 2220 1834 2280 invenimus

222 2319 467 2377 Mariam
513 2318 895 2393 eyredientem
937 2336 1036 2391 per
1091 2319 1453 2377 nativitatem
1509 2337 1669 2377 suam
1711 2321 1834 2379 sine

210 2419 474 2489 peccato.
520 2417 660 2490 Ipsa
701 2434 943 2491 namque
998 2418 1190 2490 potest
1244 2435 1365 2476 esse
1408 2435 1509 2476 vas
1550 2419 1709 2487 illud,
1765 2420 1833 2477 de

220 2532 336 2588 quo
399 2515 606 2573 dicitur
661 2516 1094 2575 Proverbiorum
1154 2518 1423 2590 vigesimo
1479 2516 1677 2589 quinto
1708 2517 1830 2592 (4):

355 2684 400 2743 1)
436 2684 574 2730 Ἴθι-ε.
614 2685 656 2730 1.
692 2697 789 2741 seq.

347 2764 398 2823 2)
435 2764 584 2810 Serm.
619 2764 730 2810 208.
767 2765 966 2824 append.
1006 2764 1149 2823 (alias
1185 2765 1261 2811 35.
1299 2766 1355 2812 de
1388 2765 1575 2825 Sanot.)
1611 2779 1659 2812 n.
1696 2766 1744 2812 2.

351 2845 400 2903 3)
435 2843 554 2891 Vide
588 2844 951 2892 praefationem.

350 2924 400 2984 4)
435 2925 570 2972 Ἴθι-ε.
606 2924 654 2971 4.
