2237 3481
846 293 1044 336 mono
1085 293 1163 337 lv.
1727 280 1804 337 49

202 484 283 539 ita
323 498 496 553 super
537 481 725 539 omnia
765 481 1062 539 caritatem
1105 481 1308 539 habuit
1336 482 1408 540 ad
1438 482 1637 541 Deum.
1666 484 1806 556 Ipsa

201 582 342 639 enim
391 580 480 637 est
529 581 730 648 Maria,
776 580 841 636 de
898 597 1010 652 qua
1063 580 1268 638 ibidem
1325 581 1532 639 dicitur
1554 580 1676 657 (1):
1720 583 1807 641 Et

202 681 289 737 ait
327 680 578 736 Maria:
618 677 977 752 Magnificat
1017 680 1222 736 anima
1276 696 1403 737 mea
1461 681 1803 754 Dominum,

200 781 254 835 et
291 777 608 835 eaesultavc‘t
645 778 892 849 spiritus
918 793 1077 835 meus
1102 779 1169 835 in
1195 779 1342 847 Deo,
1372 779 1634 837 salutari
1659 796 1803 837 mec.

199 877 404 934 Anima
444 876 591 948 quod
631 876 788 933 amat
829 876 932 934 hoc
974 877 1304 950 magnificat
1359 877 1417 935 et
1466 878 1524 935 in
1567 878 1671 937 hoc
1711 895 1805 936 ex-

199 974 411 1044 sultat3
454 975 656 1033 idcirco
697 975 886 1031 anima
928 975 1142 1032 Mariae
1186 974 1365 1033 Deum
1415 976 1803 1034 decentissime

194 1072 585 1146 magnificavit
625 1072 683 1129 et
724 1074 781 1129 in
826 1073 943 1132 Deo
998 1072 1414 1131 ferventiss1me
1471 1074 1801 1145 exsultavit,

195 1173 327 1245 quia
355 1170 535 1240 Deum
564 1172 1029 1229 excellentissime
1057 1172 1292 1229 amavit.
1323 1173 1404 1229 De
1433 1174 1591 1231 cuius
1613 1189 1802 1231 amore

194 1270 402 1328 bonum
444 1270 678 1327 verbum
721 1270 857 1326 dicit
895 1269 1064 1342 Hugo
1089 1270 1211 1344 (2):
1265 1292 1294 1321 α
1318 1270 1476 1340 Quia,
1507 1271 1711 1343 inquit,
1742 1273 1801 1328 in

191 1369 356 1427 corde
395 1371 516 1426 eius
558 1385 717 1427 amor
758 1369 1006 1440 Spiritus
1063 1369 1247 1427 sancti
1304 1370 1673 1442 singulariter
1715 1387 1802 1427 ar-

189 1465 379 1535 debat,
421 1466 542 1525 ideo
585 1467 643 1523 in
685 1483 852 1524 carne
895 1468 1013 1524 eius
1068 1466 1255 1534 virtus
1313 1467 1560 1539 Spiritus
1617 1467 1801 1526 sancti

187 1562 475 1624 mirabilia
515 1565 845 1623 faciebat».

348 1664 538 1722 Tertio
579 1664 722 1732 vide,
767 1665 1070 1734 carissime,
1116 1664 1264 1737 quod
1305 1666 1488 1722 Maria
1528 1681 1796 1722 mansue-

186 1764 419 1822 tissima
462 1764 572 1821 fuit
601 1780 717 1836 per
761 1763 1069 1837 lenitatem,
1124 1765 1541 1836 patientissima
1598 1764 1797 1823 contra

182 1879 410 1922 omnem
453 1862 875 1920 adversitatem.
919 1862 1057 1935 Ipsa
1099 1865 1246 1921 enim
1296 1864 1385 1921 est
1440 1864 1539 1921 illa
1593 1863 1795 1933 Maria,

182 1978 359 2035 quam
402 1960 622 2018 Simeon
667 1962 746 2019 sic
786 1961 1203 2034 alloquebatur,
1249 1961 1396 2019 sicut
1437 1961 1642 2020 dicitur
1683 1962 1799 2020 Lu-

180 2077 282 2118 cae
326 2059 568 2117 secundo
593 2058 715 2134 (3):
760 2060 846 2117 Et
888 2058 1170 2117 ᾱὶωὶιαά
1216 2060 1507 2133 Mariam,
1549 2062 1797 2118 matrem

178 2159 346 2216 eius:
387 2157 559 2226 Ecce,
590 2147 827 2229 positus
867 2160 953 2216 est
992 2157 1086 2215 hic
1127 2159 1193 2215 in
1237 2158 1477 2216 ruinam
1520 2162 1575 2215 et
1614 2157 1679 2216 in
1709 2175 1796 2216 re·

175 2256 604 2315 surrectionem
647 2255 969 2314 multorum
1012 2257 1075 2314 in
1117 2257 1316 2315 Israel
1358 2260 1412 2314 et
1447 2258 1511 2314 in
1538 2257 1795 2330 smmum,

175 2355 281 2413 cui
320 2353 770 2427 contradicetur,
814 2357 868 2411 et
909 2357 1072 2412 tuam
1114 2355 1303 2427 ipsius
1359 2356 1622 2413 animam
1662 2371 1796 2426 per·

176 2452 466 2510 transibit
500 2452 760 2524 yladius.
802 2452 910 2511 Hic
947 2452 1189 2525 yladc'us
1233 2453 1619 2511 acutissimam
1663 2453 1794 2511 Filii

311 2721 358 2780 1)
396 2721 507 2768 Luc.
548 2721 591 2778 1,
627 2720 705 2767 46.
745 2734 843 2778 seq.
1034 2779 1039 2784 ,
1529 2766 1531 2768 ,

303 2803 357 2861 2)
393 2802 532 2859 Hugo
563 2802 620 2848 de
652 2801 700 2848 S.
738 2802 945 2861 Victore,
981 2803 1037 2849 de
1071 2801 1253 2849 Mariae
1295 2801 1469 2860 virgin.
1514 2816 1555 2849 c.
1591 2802 1640 2848 2.
1677 2803 1791 2849 ante

164 2886 335 2931 finem.

305 2965 356 3024 3)
393 2964 527 3011 vers,
565 2962 643 3010 34.
680 2977 776 3021 seq.
