2237 3481
864 277 1064 320 morlo
1107 279 1200 321 xv.
1724 264 1839 321 215

222 469 496 540 proximi
503 488 523 539 ,·
544 468 698 538 item,
722 471 981 543 superius
1002 471 1060 527 in
1083 470 1582 544 contemplatione,
1608 470 1842 530 inferius

235 568 293 623 in
351 567 592 624 actione.
634 567 741 626 Vel
781 569 931 626 certe
973 568 1147 626 Pater
1201 569 1321 626 eius
1374 569 1633 627 caelestis
1690 569 1845 627 dedit

235 666 285 723 ei
342 664 778 724 benedictionem
838 666 1141 725 ineffabilis
1202 668 1402 741 irrigui
1462 669 1723 739 superius
1784 669 1843 724 in

234 763 430 836 caelis,
477 765 710 823 inferius
752 767 809 823 in
853 767 1044 838 terris,
1084 767 1153 825 ut
1207 768 1265 824 in
1307 767 1476 824 caelis
1517 766 1846 825 benedictio-

235 879 364 919 nem
405 862 637 935 gloriae‚
681 863 938 921 interris
973 880 1105 922 vero
1147 863 1582 923 benedictionem
1624 863 1845 937 gratiae

237 960 531 1032 possidens
580 961 870 1019 benedicta
920 961 1069 1020 esset
1110 963 1228 1020 tam
1273 963 1331 1019 in
1384 964 1536 1022 caelo
1576 980 1743 1036 quam
1786 963 1844 1020 in

235 1058 412 1127 terra,
469 1059 771 1117 secundum
823 1059 969 1132 quod
1013 1060 1214 1118 beatus
1270 1060 1595 1118 Bernardus
1625 1059 1714 1135 (1)
1759 1061 1847 1117 in-

236 1173 420 1214 nuens
482 1157 647 1214 dicit:
715 1180 744 1208 ‹<
778 1158 1076 1226 Memento,
1121 1159 1320 1228 Maria,
1380 1159 1525 1232 quod
1583 1159 1846 1217 Christus

238 1255 685 1314 maledictionem
728 1255 968 1329 pertulit
1008 1259 1208 1325 cruciS‚
1272 1259 1367 1331 qui
1425 1259 1480 1316 te
1522 1275 1682 1316 suam
1727 1275 1847 1315 ma-

235 1353 384 1411 trem
428 1354 710 1411 benedixit
751 1356 807 1412 in
838 1356 1026 1415 caelis.
1067 1355 1172 1412 Sed
1216 1356 1274 1413 et
1314 1357 1373 1413 in
1416 1357 1587 1413 terris
1629 1357 1702 1414 ab
1743 1374 1847 1414 an-

233 1453 363 1524 gelo
404 1451 695 1510 benedicta
737 1453 794 1511 et
833 1471 867 1510 a
904 1454 1123 1512 cunctis
1163 1454 1624 1526 generationibus
1659 1455 1845 1513 terrae

236 1551 441 1610 merito
484 1551 650 1608 beata
692 1534 1035 1624 praedicaris
1064 1576 1122 1609 >›.

398 1649 666 1718 Secundo,
712 1652 1006 1720 carissimi,
1049 1651 1362 1719 audiamuS„
1420 1651 1692 1723 quomodo
1748 1651 1844 1709 be-

239 1747 466 1805 nedicta
508 1749 597 1806 est
636 1748 819 1806 Maria
862 1766 964 1821 pro
1005 1750 1253 1807 caritate
1314 1750 1512 1808 contra
1554 1751 1843 1811 invidiam.

234 1845 424 1904 Invidi
489 1863 730 1919 namque
791 1847 1073 1905 maledicti
1137 1848 1290 1916 sunt,
1348 1848 1495 1906 sicut
1535 1848 1601 1906 de
1656 1849 1846 1908 invido

239 1944 382 2002 Cain
424 1944 630 2003 dicitur
672 1945 904 2004 Genesis
945 1947 1150 2019 quarto
1182 1947 1303 2020 (2):
1334 1946 1690 2006 Maledictus
1730 1947 1846 2005 eris

241 2059 422 2114 super
463 2045 703 2117 terram,
746 2060 894 2116 quae
932 2045 1167 2117 aperuit
1195 2062 1259 2103 os
1298 2061 1472 2103 suum
1500 2048 1555 2103 et
1594 2046 1846 2117 suscepit

238 2142 588 2213 sanquinem
612 2139 826 2211 fratris
871 2144 958 2200 tui
984 2144 1054 2201 de
1092 2160 1276 2201 manu
1306 2147 1426 2201 tua.
1457 2143 1670 2203 Contra
1697 2144 1844 2202 hanc

238 2238 484 2296 invidiae
542 2239 990 2299 maledictionem
1049 2240 1233 2298 Maria
1284 2241 1532 2299 obtinuit
1585 2242 1843 2299 caritatis

238 2336 711 2407 benedictionem3
755 2338 901 2396 unde
941 2340 1068 2410 ipsa
1097 2355 1198 2411 per
1224 2340 1421 2397 Saram
1452 2339 1590 2397 bene
1628 2341 1845 2414 signari

243 2435 453 2507 potest3
497 2435 563 2493 de
605 2452 717 2509 qua
758 2436 1032 2494 Dominus
1061 2437 1204 2494 dixit
1245 2437 1477 2496 Genesis
1518 2438 1727 2497 decimo
1756 2455 1845 2496 se-

238 2533 418 2606 ptimo
450 2534 571 2608 (3):
616 2535 970 2595 Benedicam
1010 2537 1081 2609 ei,
1124 2539 1178 2593 et
1235 2553 1303 2594 ex
1363 2537 1476 2595 illa
1531 2536 1681 2595 dabo
1738 2537 1846 2595 tibi

235 2630 452 2704 filium,
493 2633 590 2690 cui
630 2632 1029 2692 benedicturus
1068 2650 1220 2692 sum.
1248 2634 1388 2692 Sara
1429 2635 1845 2708 interpretatur

323 2883 327 2887 -
368 2863 412 2923 1)
449 2862 624 2911 Homil.
662 2864 708 2911 3.
744 2877 882 2924 super
916 2864 1100 2911 Missus
1134 2870 1207 2912 est
1239 2879 1287 2911 n.
1324 2866 1371 2912 8.
1419 2885 1423 2889 Α

364 2945 413 3004 2)
450 2944 584 2992 Vers.
624 2944 698 2991 11.
1505 2947 1553 3007 3)
1589 2947 1724 2995 Vere.
1765 2948 1839 2995 16.
