2237 3481
374 3055 389 3076 ⁴1

390 3077 399 3094 Ι,

410 3103 425 3112 2

482 3177 487 3184 1,

614 3235 635 3258 ..1

654 3285 671 3306 1.,

408 257 522 315 216
915 272 1206 315 specuum
1246 273 1299 313 B.
1339 273 1402 314 Μ.
1446 273 1501 315 v.

407 466 583 522 carbo
601 463 710 538 (1).
732 464 854 523 Hoc
875 464 1011 522 bene
1032 464 1246 521 Mariae
1268 462 1547 533 convenit,
1569 480 1713 536 quae
1733 462 2010 536 tanquam

405 564 574 622 carbo
615 564 815 622 ardore
857 562 1116 621 caritatis
1172 563 1353 635 ignita
1398 562 1526 620 fuit.
1569 562 1813 635 Propter
1862 563 2012 636 quod

406 663 577 721 etiam
619 664 746 735 ipsa
788 662 925 720 bene
968 679 1070 734 per
1108 662 1317 718 rubum
1372 661 1669 735 ardentem
1726 661 2010 735 signatur,

408 778 509 834 per
550 778 717 834 quam
759 759 908 818 fideli
952 760 1183 818 cuilibet
1223 759 1532 823 benedictio
1572 759 1795 832 gratiae
1852 759 2011 816 mini-

408 859 662 930 stratur3
703 859 852 917 unde
909 859 1328 917 Deuteronomii
1371 848 1674 931 'trigesimo
1716 856 1888 915 tertio
1920 857 2010 930 (2)

407 957 642 1015 dicitur:
686 956 1019 1037 Benedictio
1059 956 1229 1014 illius
1273 956 1377 1029 qui
1418 957 1702 1029 apparuit
1735 957 1801 1012 in
1842 955 2010 1023 rub0,

406 1057 600 1114 veniat
637 1072 810 1127 super
851 1059 1029 1128 caput
1069 1055 1300 1127 Ioseph.
1343 1054 1550 1126 Ioseph
1592 1053 2011 1126 interpretatur

409 1156 783 1227 auymentum
806 1154 917 1228 (3),
946 1154 1004 1212 et
1032 1153 1317 1228 significat
1343 1154 1649 1227 quemlibet
1677 1152 1898 1210 fidelem
1936 1153 2013 1211 di-

409 1254 541 1311 vina
567 1253 758 1326 gratia
787 1253 1107 1311 adauctum.
1136 1253 1473 1310 Benedictus
1501 1251 1677 1310 rubus
1706 1252 1764 1309 et
1792 1251 2015 1309 benedi·

407 1352 535 1410 ctus
563 1353 660 1424 qui
702 1369 802 1424 per
828 1351 1271 1410 incarnationem
1303 1351 1583 1423 apparuit
1614 1351 1678 1408 in
1705 1350 1880 1419 rub0,
1912 1367 2013 1422 per

408 1466 571 1523 quem
614 1449 780 1508 tanta
822 1467 992 1522 super
1033 1449 1224 1521 capita
1286 1448 1533 1507 fidelium
1579 1449 1734 1506 venit
1791 1448 2010 1506 benedi·

408 1549 538 1607 ctio.
579 1549 656 1606 Et
696 1566 728 1607 o
771 1565 899 1607 vere
935 1548 1259 1607 benedictus
1287 1548 1454 1606 carbo
1495 1548 1613 1606 tam
1658 1547 2011 1605 benedictam

410 1646 697 1705 flammam
739 1648 1080 1720 producens!
1127 1647 1416 1705 benedicta
1456 1646 1638 1704 Maria
1688 1646 1808 1704 tam
1851 1645 2012 1703 bene-

409 1748 616 1805 dictam
659 1749 874 1820 prolem
901 1749 1162 1821 gignens
1203 1748 1305 1805 Ex
1344 1747 1472 1819 illa,
1500 1747 1687 1819 inquit
1714 1746 2013 1813 Dominu8‚

413 1846 562 1904 dabo
606 1845 713 1903 tibi
751 1844 963 1918 filium,
1007 1846 1102 1903 cui
1164 1845 1566 1904 benedicturus
1618 1861 1767 1903 sum.
1826 1844 2015 1903 Pensa

410 1961 561 2018 ergo,
618 1944 890 2016 quantam
929 1944 1112 2002 Maria
1154 1944 1226 2002 ad
1267 1943 1447 2001 Deum
1507 1942 1772 2001 habuerit
1813 1943 2016 2001 carita·

409 2043 543 2113 tem,
584 2060 710 2101 cum
741 2043 894 2101 Deus
924 2043 1102 2100 Filius
1144 2044 1263 2100 eius
1292 2042 1369 2099 sit
1408 2041 1797 2114 corporaliter.
1829 2042 2016 2099 Pensa

410 2142 601 2210 etiam,
631 2140 902 2214 quantam
945 2141 1018 2198 ad
1046 2142 1359 2213 proximum
1391 2140 1687 2198 caritatem
1728 2138 2014 2209 habuerit,

409 2257 536 2297 cum
576 2239 756 2298 bonus
798 2240 1086 2311 proximus
1128 2238 1281 2296 filius
1323 2240 1443 2296 eius
1482 2238 1559 2296 sit
1600 2237 2017 2310 spiritualiter,-

414 2340 461 2396 si
503 2338 690 2396 autem
749 2337 852 2395 filii
908 2338 1026 2395 eius
1078 2353 1291 2406 sumne,
1347 2352 1482 2410 ergo
1524 2337 1581 2394 et
1622 2335 1835 2394 fratres
1887 2336 2019 2394 Filii

412 2436 532 2494 eius
573 2453 786 2494 sumne.
814 2435 891 2493 Et
930 2436 1051 2495 ideo
1079 2436 1217 2500 bene
1247 2436 1314 2493 de
1339 2434 1453 2493 ista
1501 2433 1787 2493 benedicta
1830 2434 2019 2492 Matre

413 2534 549 2593 dicit
603 2535 907 2593 Anselmus
938 2535 1059 2609 (4):
1128 2556 1157 2585 «
1185 2532 1232 2593 Ο
1287 2533 1577 2593 benedicta
1630 2533 1688 2591 et
1740 2532 2017 2601 exaltata,

542 2784 587 2844 1)
623 2783 837 2843 Hieron„
874 2784 930 2831 de
961 2784 1098 2830 Nom.
1135 2783 1279 2831 Hebr.
1319 2782 1511 2842 (Iosue).

538 2864 587 2922 2)
623 2864 758 2911 Vers.
798 2864 871 2910 16.
1246 2863 1293 2923 3)
1330 2861 1549 2922 Hieron.‚
1584 2863 1672 2909 loc.
1707 2862 1792 2909 cit.
1833 2861 2015 2922 (Gen.).

537 2943 588 3002 4)
624 2944 757 2990 Orat.
791 2944 869 2991 52.
908 2943 1050 3004 (alias
1082 2943 1185 3003 51.)
1220 2942 1346 2990 circa
1378 2942 1597 2990 medium.
