2237 3481
913 259 1113 301 mono
1158 258 1197 300 1.
1822 243 1857 300 9

254 452 504 509 divinam
550 451 960 522 praesentiam3
1007 451 1373 532 diym’ssima,
1406 450 1638 522 propter
1677 466 1862 523 perso·
1951 476 1954 477 ⁷

254 567 360 608 nae
405 566 541 607 suae
584 549 995 627 reverentiam3
1037 548 1376 618 utilissima,
1424 547 1657 621 propter
1686 549 1862 620 prolis

254 665 389 705 suae
431 647 839 708 excellentiam.

416 745 597 814 Quam
629 747 962 816 purissima
995 749 1243 818 propter
1284 744 1491 819 culpae
1531 745 1856 803 carentiam

254 844 427 903 fuerit
467 845 669 914 Maria,
713 844 851 902 bene
894 844 1237 914 insinuatur,
1282 862 1409 902 cnm
1453 845 1684 902 dicitur:
1714 844 1860 903 Ave.

258 943 428 1001 Recte
483 960 724 1016 namque
785 944 837 1001 ei
889 943 1126 1001 dicitur:
1170 943 1317 1016 Ave,
1374 960 1515 1017 quae
1577 943 1650 1001 ab
1708 945 1858 1001 omni

256 1059 358 1100 vae
400 1042 601 1114 culpae
644 1043 1054 1100 immanissima
1116 1042 1244 1109 fuit,
1290 1042 1438 1100 sicut
1492 1041 1685 1115 utique
1742 1059 1861 1100 ma-

255 1141 400 1198 trem
467 1129 571 1198 Dei
633 1140 836 1208 decuit,
902 1140 1173 1198 Anselmo
1211 1138 1299 1214 (1)
1366 1139 1531 1209 teste,
1588 1142 1683 1213 qui
1746 1139 1858 1198 ait:

265 1239 584 1308 «Decebat,
628 1239 694 1296 ut
735 1239 978 1298 hominis
1019 1239 1175 1296 illius
1216 1239 1503 1311 conceptio
1560 1239 1626 1296 de
1677 1238 1860 1296 matre

256 1338 565 1410 purissima
607 1337 786 1406 fieret,
832 1338 897 1395 ut
940 1355 1004 1395 ea
1048 1337 1317 1410 puritate,
1361 1354 1473 1409 qua
1522 1338 1701 1396 maior
1757 1337 1861 1395 sub

253 1437 370 1495 Deo
411 1437 611 1509 nequit
650 1437 914 1509 intelligi,
958 1436 1135 1510 Virgo
1178 1437 1278 1493 illa
1320 1436 1545 1504 niteret,
1576 1437 1666 1494 cui
1708 1436 1860 1493 Deus

250 1534 428 1593 Pater
470 1535 695 1592 unicum
740 1534 965 1600 Filium,
1009 1551 1172 1606 quem
1217 1535 1283 1591 de
1325 1534 1489 1593 corde
1518 1551 1620 1592 suo
1661 1551 1873 1606 aequa·-

254 1634 367 1691 lem
413 1632 520 1690 sibi
560 1634 776 1706 genuit,
838 1633 920 1690 ita
981 1633 1115 1690 dare
1176 1632 1527 1704 disponebat,
1588 1632 1657 1690 ut
1711 1633 1860 1690 esset

249 1749 402 1791 unus
465 1732 637 1805 atque
702 1731 845 1789 idem
911 1731 1013 1789 Dei
1075 1732 1134 1789 et
1195 1731 1438 1789 hominis
1498 1730 1740 1790 filius».
1780 1765 1861 1773 -

250 1832 424 1901 Item,
469 1848 634 1904 quam
671 1831 1025 1903 plenissima
1059 1835 1307 1903 propter
1345 1832 1579 1904 ⁸qratiam
1615 1830 1862 1901 affluen-
1898 1880 1901 1882 l

251 1931 400 1988 tiam
431 1928 604 1988 fuerit
644 1930 845 1998 Maria,
892 1930 1029 1987 bene
1071 1928 1415 1997 insinuatur,
1452 1945 1578 1986 cum
1620 1928 1856 1987 dicitur:

243 2028 671 2101 yrateaplena.
694 2027 838 2086 Vere
863 2028 1031 2099 plena
1058 2026 1115 2084 et
1146 2027 1274 2099 plus
1303 2044 1470 2099 quam
1502 2026 1687 2098 plena,
1713 2027 1861 2085 sicut

248 2126 505 2184 testatur
548 2126 853 2183 Anselmus
877 2126 987 2200 (2),
1030 2126 1388 2184 devotissime
1440 2126 1760 2183 exclamans
1802 2126 1860 2183 et

248 2226 474 2283 dicens:
527 2246 556 2275 α
584 2222 630 2282 Ο
672 2224 882 2283 femina
926 2226 1095 2297 plena
1138 2225 1195 2281 et
1237 2225 1581 2297 superplena
1634 2225 1852 2297 gratia!

246 2323 316 2380 de
361 2323 523 2380 cuius
566 2323 936 2395 plenitudinis
979 2322 1325 2379 exundantia
1367 2338 1628 2394 respersa
1671 2323 1750 2380 sic
1780 2340 1860 2379 re·

244 2420 483 2478 virescit
511 2422 690 2479 omnis
719 2419 1054 2479 creatura».
1077 2453 1157 2461 —
1179 2420 1538 2493 Item,*quam
1564 2420 1859 2478 tutissima

242 2521 495 2591 propter
537 2518 798 2576 divinam
829 2519 1229 2590 praesentiam
1277 2517 1450 2576 fuerit
1488 2518 1673 2575 Maria
1720 2518 1858 2576 bene

245 2616 599 2688 insinuatur,
640 2634 767 2676 cum
807 2616 1044 2675 dicitur:
1089 2617 1387 2676 Dominus
1428 2616 1859 2675 tecwm.‘'Merito

381 2850 428 2910 1)
465 2850 531 2896 De
565 2849 800 2909 Conceptu
833 2848 1007 2907 virgin.
1044 2851 1137 2896 etc.
1173 2862 1215 2896 c.
1255 2849 1330 2895 18.

376 2933 429 2990 2)
465 2931 601 2978 Orat.
636 2931 715 2977 52.
754 2931 897 2990 (alias
929 2932 1031 2990 51.)
1067 2933 1181 2977 ante
1214 2929 1430 2978 medium.
