2237 3481
862 278 1063 319 Luc'mo
1104 278 1183 319 lx·
1285 225 1289 230 ᾗ
1714 262 1828 321 125

375 469 568 529 Tertio
630 469 929 538 attendite,
986 471 1284 541 carissimi,
1343 472 1490 544 quod
1554 472 1830 531 Dominus

215 569 410 627 noster
452 569 732 640 specialiS,
777 569 873 641 qui
915 568 1004 626 est
1044 585 1172 627 oum
1216 569 1416 637 Maria,
1454 571 1575 642 ipse
1607 570 1696 627 est
1724 570 1830 628 Do-

217 669 403 725 minus
443 667 805 725 certissimus
852 666 1137 736 fidelitate
1178 667 1236 725 et
1298 667 1661 726 fidelissimus
1710 685 1831 726 oer-

217 765 480 834 titudine,
511 765 659 822 sicut
701 764 982 837 propheta
1012 764 1101 839 (1)
1147 764 1416 835 testatur,
1446 768 1541 839 qui
1578 767 1690 824 ait:
1723 768 1827 824 Fi-

216 862 359 921 delis
402 862 700 921 Dominus
741 863 806 920 in
847 863 1118 921 omnibus
1164 865 1354 922 verbis
1408 866 1552 923 suis.
1604 865 1829 938 Recogi-

213 961 334 1019 tate
376 978 512 1033 ergo
555 961 729 1019 verba
791 978 913 1028 sua,
973 961 1180 1033 quibus
1240 963 1503 1034 promisit
1563 980 1823 1022 coronam

212 1059 383 1117 iustis
423 1059 483 1117 et
522 1059 841 1131 gehennam
885 1060 1133 1128 iniustis,
1176 1060 1234 1117 et
1276 1060 1494 1130 scitote,
1538 1062 1685 1135 quod
1714 1062 1829 1121 Do-

215 1159 401 1215 minus
443 1157 627 1215 fidelis
671 1158 915 1216 fideliter
957 1158 1131 1215 verba
1175 1175 1277 1216 sua
1319 1159 1551 1227 tenebit,
1583 1160 1827 1218 fideliter

210 1256 359 1329 quod
400 1255 627 1313 locutus
670 1256 757 1313 est
798 1256 1075 1328 implebit,
1120 1255 1266 1314 sicut
1307 1258 1374 1314 de
1424 1257 1534 1316 isto
1586 1258 1824 1318 Domino

211 1354 422 1412 dicitur
472 1353 780 1411 Ezechielis
842 1353 1136 1426 trigesimo
1166 1354 1287 1428 (2):
1331 1355 1465 1428 Eyo
1530 1355 1823 1415 Dominus

210 1454 442 1511 locutus
482 1468 614 1509 sum
657 1454 713 1509 et
752 1449 989 1520 faciam.
1033 1452 1223 1509 Verba
1265 1453 1459 1525 utique
1502 1469 1606 1510 sua
1644 1454 1826 1512 Domi-

207 1567 317 1609 nus
382 1549 749 1607 fidelissimus
812 1548 933 1606 tam
1000 1549 1324 1607 fidelissime
1390 1550 1621 1617 tenebit,
1679 1550 1826 1609 sicut

202 1650 327 1722 ipse
372 1649 430 1705 in
459 1647 771 1720 Evangelio
814 1664 915 1705 suo
940 1648 1028 1722 (3)
1073 1647 1239 1705 dicit:
1288 1645 1526 1705 Caelum
1568 1651 1623 1705 et
1665 1652 1824 1705 terra

205 1746 569 1818 transibunt,
626 1747 799 1804 verba
860 1749 1054 1803 autem
1108 1763 1240 1804 mea
1293 1763 1414 1803 ‘non
1471 1748 1819 1806 transibunt.

203 1846 368 1912 Ecce,
412 1845 615 1912 Maria,
660 1845 847 1916 qualis
890 1844 1166 1902 Dominus
1207 1843 1313 1912 est,
1356 1861 1525 1916 quam
1569 1845 1824 1903 fidelissi-

201 1961 332 2002 mus
378 1944 657 2003 Dominus
699 1943 805 2012 est,
849 1944 944 2015 qui
987 1944 1169 2001 tecum
1215 1943 1321 2001 est.
1351 1942 1429 2000 Et
1471 1945 1603 2016 quia
1633 1943 1825 2002 Domi-

197 2060 313 2101 nus
358 2042 725 2100 fidelissimus
767 2041 1090 2099 fidelissime
1133 2042 1222 2099 est
1265 2041 1467 2110 tecum,
1496 2043 1617 2100 ideo
1658 2042 1717 2098 et
1757 2042 1821 2099 tu

197 2158 259 2199 os
300 2140 640 2198 fidelissima
682 2156 888 2197 secum.
933 2140 1014 2197 Tu
1058 2141 1206 2196 enim
1251 2157 1310 2196 es
1349 2140 1451 2196 illa
1492 2139 1822 2197 fidelissima

193 2238 466 2298 columba
508 2237 631 2296 Noe
662 2237 772 2312 (4),
816 2255 958 2309 quae
1021 2238 1173 2294 inter
1235 2254 1515 2294 summum
1579 2237 1701 2296 Noe
1763 2237 1821 2294 et

196 2336 480 2395 mundum
523 2335 737 2394 diluvio
780 2335 1068 2408 spirituali
1109 2335 1484 2403 submersum,
1524 2336 1821 2392 mediatrix

190 2435 537 2493 fidelissima
602 2433 891 2492 exstitisti.
958 2433 1176 2491 Corvus
1244 2432 1505 2499 infidelis,
1562 2434 1820 2491 columba

188 2550 332 2591 vero
378 2532 564 2589 fidelis
607 2530 734 2589 fuit.
778 2533 866 2589 Sic
908 2532 965 2588 et
1009 2531 1132 2588 Eva
1175 2530 1436 2599 infideliS,
1468 2532 1650 2589 Maria
1688 2549 1819 2590 vero

126 2692 133 2707 ¹
187 2630 389 2689 fidelis
435 2630 670 2687 inventa
731 2629 838 2687 est.
882 2629 1005 2686 Eva
1069 2628 1459 2686 infidelissima
1523 2630 1820 2687 mediatrix

327 2860 375 2920 1)
414 2860 590 2906 Psalm.
631 2859 737 2917 144,
778 2859 852 2905 13.
1480 2857 1530 2916 2)
1567 2858 1700 2905 VerS.
1740 2858 1814 2905 12.

325 2941 375 3000 3)
413 2940 594 2987 Matth.
628 2939 709 2998 24,
746 2939 822 2985 35.
1246 2937 1295 2998 4)
1332 2937 1448 2985 Gen.
1485 2939 1532 2996 8,
1575 2937 1648 2984 11.
1684 2939 1734 2985 et
1769 2940 1813 2985 7.
