2237 3481
880 270 1080 312 Luc'no
1122 270 1200 325 rv.
1759 251 1837 309 45

232 465 387 522 diam
428 462 913 532 affectuosissima
957 479 1055 534 per
1111 460 1427 526 caritatem,
1484 461 1667 519 Maria
1716 477 1840 519 con-

231 563 328 621 tra
391 563 536 619 iram
597 561 1070 619 mansuetissima
1127 577 1225 632 per
1266 560 1578 628 lenitatem,
1656 560 1837 617 Maria

230 659 432 719 contra
486 659 732 717 acediam
788 655 1242 726 indefessissima
1298 675 1397 731 per
1457 657 1835 722 sedulitatem,

229 759 417 816 Maria
473 757 672 817 contra
729 757 1031 815 avaritiam
1075 756 1418 815 tenuissima
1460 773 1559 828 per
1601 773 1838 829 pauper-

236 855 436 925 tatem,
493 856 675 913 Maria
716 855 915 913 contra
957 856 1149 928 gulam
1210 855 1694 927 temperatissima
1736 872 1835 926 per

237 953 621 1022 sobrietatem,
677 955 859 1011 Maria
914 952 1112 1016 contra
1168 954 1449 1011 luxuriam
1504 953 1835 1011 castissima

240 1069 343 1125 per
384 1051 771 1124 virginitatem
816 1051 943 1108 fuit.
985 1051 1140 1108 Haec
1194 1053 1380 1110 omnia
1422 1069 1486 1108 ex
1541 1051 1656 1108 illis
1698 1053 1835 1108 scri-

236 1151 426 1224 pturis
468 1151 730 1223 colligere
772 1166 1088 1221 possumUS,
1132 1151 1188 1207 in
1232 1150 1435 1222 quibus
1475 1166 1676 1209 nomen
1718 1150 1833 1207 Ma·

232 1251 351 1307 riae
394 1264 717 1320 expressum
761 1249 1094 1305 invenimus.
1641 1230 1644 1233 “

394 1347 585 1405 Primo
628 1345 768 1414 vide,
813 1347 1116 1414 carissime,
1161 1346 1308 1418 quod
1362 1346 1544 1404 Maria
1576 1344 1832 1418 profun-

228 1446 478 1505 dissima
517 1445 668 1517 apud
710 1463 768 1502 se
810 1445 920 1502 fuit
951 1461 1062 1516 per
1105 1445 1512 1503 humilitatem.
1554 1445 1693 1517 Ipsa
1745 1445 1832 1502 est

226 1545 432 1613 Maria,
474 1544 540 1601 de
589 1561 702 1617 qua
763 1544 969 1602 dicitur
1032 1544 1213 1601 Lucae
1272 1545 1450 1616 primo
1475 1542 1593 1617 (1);
1657 1544 1833 1601 Dixit

225 1647 424 1702 autem
462 1643 713 1701 Maria:
754 1644 926 1715 Ecce,
968 1643 1189 1701 ancilla
1231 1643 1492 1700 Domini.
1525 1641 1571 1700 O
1602 1643 1744 1700 mira
1772 1643 1830 1700 et

221 1742 507 1815 profunda
533 1740 828 1800 humilitas
857 1742 1100 1798 Mariae!
1142 1742 1299 1811 Ecce,
1327 1743 1565 1799 Mariam
1598 1740 1831 1799 archan-

219 1841 388 1913 gelus
431 1840 758 1912 alloquitur,
801 1840 984 1896 Maria
1021 1840 1227 1912 qratia
1257 1839 1441 1912 plena
1471 1839 1560 1914 (2)
1605 1839 1826 1906 dicitur,

221 1938 439 1995 Mariae
480 1940 846 2010 superventio
891 1937 1155 2009 Spiritus
1203 1940 1398 1997 sancti
1454 1937 1826 2009 promittitur,

219 2037 409 2094 Maria
450 2037 507 2093 in
538 2036 773 2093 matrem
805 2036 906 2094 Dei
936 2038 1267 2104 assumitur,
1299 2037 1481 2094 Maria
1508 2038 1620 2094 iam
1650 2038 1829 2095 omni-

217 2135 329 2192 bus
370 2134 646 2192 creaturis
674 2134 1057 2206 anteponitur,
1088 2135 1270 2192 Maria
1297 2136 1408 2192 iam
1438 2136 1661 2193 domina
1688 2136 1823 2193 caeli

215 2235 278 2291 et
318 2235 506 2291 terrae
548 2233 807 2303 efficitur,
850 2236 907 2292 et
951 2251 1052 2306 pro
1096 2234 1187 2291 his
1230 2235 1485 2291 omnibus
1527 2235 1687 2291 nulla
1732 2252 1827 2292 su-

218 2331 422 2404 perbia
463 2330 774 2399 extollitur,
819 2331 915 2388 sed
957 2333 1013 2388 in
1057 2331 1149 2388 his
1192 2331 1447 2390 omnibus
1478 2334 1620 2389 mira
1647 2332 1825 2389 humi-

212 2430 385 2488 litate
431 2430 785 2501 deprimitur,
824 2431 1047 2487 dicens:
1093 2432 1264 2503 Ecce,
1309 2430 1532 2488 ancilla
1561 2432 1822 2489 Domini.

212 2528 349 2587 Non
393 2527 564 2585 dixit:
609 2528 771 2597 Ecce,
810 2529 993 2587 mater
1037 2529 1292 2599 Domini;
1322 2546 1434 2588 non
1463 2515 1631 2587 dixit:
1665 2530 1821 2598 Ecce,

210 2627 444 2685 domina
485 2626 709 2697 mundi3
753 2628 880 2685 sed:
923 2628 1095 2701 Ecce,
1135 2627 1359 2686 (incilia
1400 2629 1660 2686 Domini.
1692 2629 1834 2712 Pro-¹

345 2857 392 2916 1)
428 2857 562 2904 Vers.
601 2857 677 2905 38.

336 2936 388 2996 2)
424 2937 536 2984 Luc.
577 2938 621 2996 1,
655 2938 734 2985 28.
770 2940 820 2986 et
851 2938 959 2986 dein
993 2953 1038 2985 v.
1077 2939 1155 2986 35.
