2237 3481
423 274 537 333 106
929 293 1220 335 SPECULUM
1260 295 1309 336 B.
1356 294 1417 334 M.
1461 294 1517 336 v.

420 486 565 542 enim
609 502 746 558 ager
788 485 990 557 plenus
1030 486 1435 543 odoriferarum
1485 487 1793 558 specierum
1844 485 2021 544 odori·

422 583 544 651 bus,
591 586 669 641 sic
710 584 893 641 Maria
942 584 1110 655 plena
1157 584 1245 641 est
1300 584 1591 642 odoriferis
1646 583 1827 641 famae
1885 600 2018 640 suae

419 681 857 753 spirationibus;
901 681 967 739 de
995 681 1101 739 hac
1131 682 1478 753 plenitudine
1506 683 1846 753 accipiamus
1874 681 2022 754 quod

414 779 628 851 legitur
669 779 901 837 Genesis
942 781 1213 853 vigesimo
1256 780 1494 851 septimo
1527 779 1648 853 (1):
1680 780 1847 852 Ecce,
1878 780 2024 837 odor

417 877 532 948 filii
573 879 705 950 mei,
747 878 901 935 sicut
962 878 1107 935 odor
1163 879 1298 951 ayri
1351 878 1537 949 pleni,
1580 878 1677 935 cui
1737 878 2026 935 benedixit

420 976 730 1034 Dominus.
774 976 928 1048 Ager
969 975 1076 1032 iste
1120 976 1208 1033 est
1248 977 1447 1043 Maria,
1492 978 1549 1033 in
1578 993 1690 1048 qua
1717 975 2024 1032 thesaurus

417 1075 766 1147 angelorum,
809 1077 977 1133 immo
1007 1074 1166 1133 totus
1197 1075 1296 1133 Dei
1327 1074 1519 1133 Patris
1563 1074 1866 1132 thesaurus
1891 1074 2025 1132 abs-

420 1173 680 1230 conditus
723 1173 826 1231 est.
874 1174 1028 1230 Felix
1069 1175 1164 1245 qui
1207 1174 1401 1231 vendit
1444 1174 1663 1245 omnia,
1717 1188 1864 1243 quae
1914 1171 2024 1229 ha-

417 1270 522 1342 bet,
566 1274 620 1327 et
660 1272 798 1328 emit
838 1288 1050 1344 ayrum
1093 1271 1266 1328 illum
1300 1270 1421 1345 (2)1
1469 1271 1654 1328 Huius
1696 1271 1819 1342 agri
1867 1270 2023 1342 pleni

421 1369 624 1441 plenus
665 1369 800 1428 odor
840 1370 929 1426 est
971 1370 1140 1441 plena
1181 1370 1395 1427 Mariae
1452 1369 1620 1436 fama,
1666 1368 1868 1440 plenus
1922 1368 2026 1427 ho-

420 1484 555 1535 nor;
601 1466 667 1525 de
707 1467 810 1526 hoc
851 1466 1053 1524 beatus
1109 1467 1489 1540 Hieronymus
1522 1466 1610 1541 (3)
1655 1467 1767 1523 ait:
1823 1488 1851 1517 α
1881 1466 2025 1534 Quia

417 1565 614 1622 multis
664 1566 882 1637 repleta
938 1565 1063 1623 erat
1117 1565 1396 1623 virtutum
1456 1564 1736 1632 odoribuS‚
1781 1581 2026 1622 manans

416 1680 481 1719 ex
522 1679 586 1720 ea
627 1663 925 1736 fragrabat
978 1665 1350 1721 suavissimus
1398 1664 1532 1722 odor
1588 1662 1755 1720 etiam
1813 1661 2028 1734 spiriti·

417 1762 523 1819 bus
566 1763 835 1835 angelicis
864 1786 919 1823 ».
978 1763 1060 1820 De
1117 1763 1229 1822 isto
1284 1762 1450 1822 odore
1505 1764 1630 1835 ipsa
1670 1761 1864 1820 sancte
1906 1764 2028 1834 glo-

417 1861 613 1920 riando
653 1861 833 1919 dicere
878 1861 1066 1934 potest
1097 1861 1222 1936 (4):
1270 1859 1436 1919 Sicut
1476 1862 1916 1918 cinnamomum
1973 1863 2028 1917 et

420 1960 749 2017 balsamum
827 1961 1231 2017 aromatizans
1308 1959 1542 2017 odorem
1612 1958 1743 2015 dede:
1760 2002 1776 2030 ,
1849 1959 2028 2029 quasi

415 2058 662 2130 myrrha
705 2058 885 2116 electa
925 2057 1056 2115 dedi
1096 2058 1446 2115 suavitatem
1481 2056 1697 2114 odoris.
1727 2055 1878 2115 Odor
1908 2057 2029 2115 Ma·

417 2158 533 2214 riae
567 2157 718 2214 sicui
745 2157 1179 2214 cinnamomum
1207 2155 1452 2212 exterius
1481 2156 1536 2212 in
1567 2155 1770 2213 cortice
1798 2171 2031 2213 conver-

418 2255 673 2322 sationis,
705 2255 859 2311 sieut
884 2255 1220 2335 balsamum¹
1240 2253 1480 2310 interius
1508 2252 1831 2311 inunctione
1858 2251 2033 2311 devo-

417 2354 606 2421 tionis
650 2353 803 2411 sicut
841 2352 1091 2425 myrrha
1135 2352 1374 2409 interius
1406 2352 1493 2425 (5)
1539 2352 1598 2408 in
1645 2349 2031 2408 amaritudine

414 2451 809 2525 castigationis
840 2450 949 2525 (6).
993 2451 1129 2508 Fuit
1170 2467 1388 2565 queque
1431 2449 1563 2509 odor
1612 2450 1825 2507 Mariae
1877 2448 2031 2507 sicut

543 2719 587 2777 1)
624 2718 759 2765 Vers.
795 2718 874 2765 27.
1517 2717 1567 2777 2)
1606 2717 1784 2763 Matth.
1826 2717 1904 2773 13,
1940 2716 2022 2764 44.

539 2799 586 2858 3)
622 2798 779 2858 Epist.
816 2798 899 2845 cit.
935 2813 983 2845 n.
1019 2798 1066 2845 8.
1517 2797 1567 2857 4)
1604 2796 1750 2844 Eccli.
1788 2797 1868 2855 24,
1905 2798 1986 2844 20.

538 2880 587 2939 5)
625 2880 663 2925 A
699 2879 930 2938 inferius.

136 2916 415 3017 μ’μ’-’ἱ
540 2960 589 3019 6)
626 2959 666 3005 A
700 2961 749 3006 et
783 2958 817 3006 C
851 2958 1254 3016 castificationis.

447 3152 659 3372 Ε
