<?xml version="1.0" encoding="UTF-8"?>
<!DOCTYPE html PUBLIC "-//W3C//DTD XHTML 1.0 Transitional//EN"
    "http://www.w3.org/TR/xhtml1/DTD/xhtml1-transitional.dtd">
<html xmlns="http://www.w3.org/1999/xhtml" xml:lang="en" lang="en">
 <head>
  <title>
</title>
<meta http-equiv="Content-Type" content="text/html;charset=utf-8" />
  <meta name='ocr-system' content='tesseract 3.04.00' />
  <meta name='ocr-capabilities' content='ocr_page ocr_carea ocr_par ocr_line ocrx_word'/>
</head>
<body>
  <div class='ocr_page' id='page_1' title='image "./speculumbeataem00brungoog_0115.png"; bbox 0 0 2237 3481; ppageno 0'>
   <div class='ocr_carea' id='block_1_1' title="bbox 863 275 1824 337">
    <p class='ocr_par' dir='ltr' id='par_1_1' title="bbox 863 275 1824 337">
     <span class='ocr_line' id='line_1_1' title="bbox 863 275 1824 337; baseline 0.001 -2"><span class='ocrx_word' id='word_1_1' title='bbox 863 293 1064 337; x_wconf 70' lang='lat' dir='ltr'>Luc‘mo</span> <span class='ocrx_word' id='word_1_2' title='bbox 1105 294 1185 337; x_wconf 86' lang='lat' dir='ltr'>vl.</span> <span class='ocrx_word' id='word_1_3' title='bbox 1750 275 1824 336; x_wconf 89' lang='grc'>81</span> 
     </span>
    </p>
   </div>
   <div class='ocr_carea' id='block_1_2' title="bbox 204 484 1921 2831">
    <p class='ocr_par' dir='ltr' id='par_1_2' title="bbox 204 484 1921 2831">
     <span class='ocr_line' id='line_1_2' title="bbox 216 484 1833 558; baseline 0.002 -15"><span class='ocrx_word' id='word_1_4' title='bbox 216 485 385 545; x_wconf 79' lang='lat' dir='ltr'>vobis</span> <span class='ocrx_word' id='word_1_5' title='bbox 415 484 647 558; x_wconf 90' lang='lat' dir='ltr'>pulsata</span> <span class='ocrx_word' id='word_1_6' title='bbox 674 484 866 555; x_wconf 88' lang='lat' dir='ltr'>fuerit,</span> <span class='ocrx_word' id='word_1_7' title='bbox 888 502 1001 543; x_wconf 92' lang='lat' dir='ltr'>non</span> <span class='ocrx_word' id='word_1_8' title='bbox 1029 486 1210 545; x_wconf 85' lang='lat' dir='ltr'>deerit</span> <span class='ocrx_word' id='word_1_9' title='bbox 1236 485 1562 545; x_wconf 74' lang='lat' dir='ltr'>necessitati</span> <span class='ocrx_word' id='word_1_10' title='bbox 1590 485 1833 558; x_wconf 84' lang='lat' dir='ltr'>vestrae,</span> 
     </span>
     <span class='ocr_line' id='line_1_3' title="bbox 219 584 1830 659; baseline 0.001 -16"><span class='ocrx_word' id='word_1_11' title='bbox 219 586 489 659; x_wconf 90' lang='lat' dir='ltr'>quoniam</span> <span class='ocrx_word' id='word_1_12' title='bbox 533 585 852 643; x_wconf 82' lang='lat' dir='ltr'><strong>misericors</strong></span> <span class='ocrx_word' id='word_1_13' title='bbox 909 585 999 643; x_wconf 92' lang='lat' dir='ltr'>est</span> <span class='ocrx_word' id='word_1_14' title='bbox 1054 585 1110 643; x_wconf 86' lang='lat' dir='ltr'>et</span> <span class='ocrx_word' id='word_1_15' title='bbox 1161 585 1574 644; x_wconf 81' lang='lat' dir='ltr'>misericordiae</span> <span class='ocrx_word' id='word_1_16' title='bbox 1628 584 1830 644; x_wconf 87' lang='lat' dir='ltr'>mater.</span> 
     </span>
     <span class='ocr_line' id='line_1_4' title="bbox 218 682 1835 757; baseline 0.001 -16"><span class='ocrx_word' id='word_1_17' title='bbox 218 683 375 741; x_wconf 87' lang='lat' dir='ltr'>Nam</span> <span class='ocrx_word' id='word_1_18' title='bbox 418 684 468 740; x_wconf 94' lang='lat' dir='ltr'>si</span> <span class='ocrx_word' id='word_1_19' title='bbox 507 699 803 756; x_wconf 88' lang='lat' dir='ltr'>compassa</span> <span class='ocrx_word' id='word_1_20' title='bbox 843 682 932 741; x_wconf 86' lang='lat' dir='ltr'>est</span> <span class='ocrx_word' id='word_1_21' title='bbox 971 685 1338 743; x_wconf 83' lang='lat' dir='ltr'>verecundiae</span> <span class='ocrx_word' id='word_1_22' title='bbox 1378 685 1625 754; x_wconf 88' lang='lat' dir='ltr'>illorum,</span> <span class='ocrx_word' id='word_1_23' title='bbox 1654 701 1690 743; x_wconf 83' lang='lat' dir='ltr'>a</span> <span class='ocrx_word' id='word_1_24' title='bbox 1718 686 1835 757; x_wconf 91' lang='lat' dir='ltr'>qui-</span> 
     </span>
     <span class='ocr_line' id='line_1_5' title="bbox 218 781 1836 856; baseline 0.001 -16"><span class='ocrx_word' id='word_1_25' title='bbox 218 782 329 840; x_wconf 90' lang='lat' dir='ltr'>bus</span> <span class='ocrx_word' id='word_1_26' title='bbox 370 781 562 840; x_wconf 84' lang='lat' dir='ltr'>fuerat</span> <span class='ocrx_word' id='word_1_27' title='bbox 602 781 867 851; x_wconf 83' lang='lat' dir='ltr'>invitata,</span> <span class='ocrx_word' id='word_1_28' title='bbox 910 782 1091 841; x_wconf 91' lang='lat' dir='ltr'>multo</span> <span class='ocrx_word' id='word_1_29' title='bbox 1122 783 1304 855; x_wconf 88' lang='lat' dir='ltr'>magis</span> <span class='ocrx_word' id='word_1_30' title='bbox 1331 782 1710 856; x_wconf 74' lang='lat' dir='ltr'>compatietur</span> <span class='ocrx_word' id='word_1_31' title='bbox 1735 799 1836 842; x_wconf 83' lang='lat' dir='ltr'>vo-</span> 
     </span>
     <span class='ocr_line' id='line_1_6' title="bbox 218 880 1834 953; baseline 0.001 -14"><span class='ocrx_word' id='word_1_32' title='bbox 218 881 328 951; x_wconf 87' lang='lat' dir='ltr'>bis,</span> <span class='ocrx_word' id='word_1_33' title='bbox 374 882 423 938; x_wconf 92' lang='lat' dir='ltr'>si</span> <span class='ocrx_word' id='word_1_34' title='bbox 468 882 557 953; x_wconf 91' lang='lat' dir='ltr'>pie</span> <span class='ocrx_word' id='word_1_35' title='bbox 598 880 772 939; x_wconf 84' lang='lat' dir='ltr'>fuerit</span> <span class='ocrx_word' id='word_1_36' title='bbox 812 882 1075 940; x_wconf 83' lang='lat' dir='ltr'>invocata</span> <span class='ocrx_word' id='word_1_37' title='bbox 1102 905 1160 939; x_wconf 85' lang='lat'>».</span> <span class='ocrx_word' id='word_1_38' title='bbox 1203 881 1466 951; x_wconf 87' lang='lat' dir='ltr'>Pensate,</span> <span class='ocrx_word' id='word_1_39' title='bbox 1509 881 1738 952; x_wconf 85' lang='lat' dir='ltr'>fratres,</span> <span class='ocrx_word' id='word_1_40' title='bbox 1767 898 1834 941; x_wconf 83' lang='lat' dir='ltr'>ex</span> 
     </span>
     <span class='ocr_line' id='line_1_7' title="bbox 217 980 1832 1056; baseline 0 -17"><span class='ocrx_word' id='word_1_41' title='bbox 217 980 546 1054; x_wconf 84' lang='lat' dir='ltr'>praedictis,</span> <span class='ocrx_word' id='word_1_42' title='bbox 588 981 840 1053; x_wconf 86' lang='lat' dir='ltr'>quantus</span> <span class='ocrx_word' id='word_1_43' title='bbox 900 982 1114 1040; x_wconf 88' lang='lat' dir='ltr'>amicus</span> <span class='ocrx_word' id='word_1_44' title='bbox 1177 981 1391 1039; x_wconf 87' lang='lat' dir='ltr'>Mariae</span> <span class='ocrx_word' id='word_1_45' title='bbox 1454 981 1573 1039; x_wconf 86' lang='lat' dir='ltr'>Rex</span> <span class='ocrx_word' id='word_1_46' title='bbox 1635 999 1832 1056; x_wconf 89' lang='lat' dir='ltr'>regum</span> 
     </span>
     <span class='ocr_line' id='line_1_8' title="bbox 217 1079 1833 1154; baseline 0.002 -17"><span class='ocrx_word' id='word_1_47' title='bbox 217 1079 416 1149; x_wconf 88' lang='lat' dir='ltr'>fuerit,</span> <span class='ocrx_word' id='word_1_48' title='bbox 460 1095 587 1137; x_wconf 90' lang='lat' dir='ltr'>cum</span> <span class='ocrx_word' id='word_1_49' title='bbox 629 1081 755 1152; x_wconf 87' lang='lat' dir='ltr'>ipsa</span> <span class='ocrx_word' id='word_1_50' title='bbox 784 1080 1007 1137; x_wconf 86' lang='lat' dir='ltr'>tantam</span> <span class='ocrx_word' id='word_1_51' title='bbox 1035 1080 1315 1138; x_wconf 88' lang='lat' dir='ltr'>labiorum</span> <span class='ocrx_word' id='word_1_52' title='bbox 1343 1080 1589 1154; x_wconf 87' lang='lat' dir='ltr'>gratiam</span> <span class='ocrx_word' id='word_1_53' title='bbox 1620 1079 1833 1140; x_wconf 87' lang='lat' dir='ltr'>habue-</span> 
     </span>
     <span class='ocr_line' id='line_1_9' title="bbox 219 1178 1832 1256; baseline 0.002 -20"><span class='ocrx_word' id='word_1_54' title='bbox 219 1178 321 1236; x_wconf 90' lang='lat' dir='ltr'>rit.</span> <span class='ocrx_word' id='word_1_55' title='bbox 365 1178 653 1251; x_wconf 84' lang='lat' dir='ltr'>Scriptum</span> <span class='ocrx_word' id='word_1_56' title='bbox 696 1180 905 1252; x_wconf 87' lang='lat' dir='ltr'>quippe</span> <span class='ocrx_word' id='word_1_57' title='bbox 946 1179 1035 1236; x_wconf 89' lang='lat' dir='ltr'>est</span> <span class='ocrx_word' id='word_1_58' title='bbox 1075 1179 1510 1256; x_wconf 80' lang='lat' dir='ltr'>Proverbiorum</span> <span class='ocrx_word' id='word_1_59' title='bbox 1561 1181 1832 1253; x_wconf 83' lang='lat' dir='ltr'>vigesimo</span> 
     </span>
     <span class='ocr_line' id='line_1_10' title="bbox 218 1276 1831 1353; baseline 0.001 -18"><span class='ocrx_word' id='word_1_60' title='bbox 218 1277 466 1336; x_wconf 87' lang='lat' dir='ltr'>secundo</span> <span class='ocrx_word' id='word_1_61' title='bbox 497 1276 621 1352; x_wconf 84' lang='lat'>(1):</span> <span class='ocrx_word' id='word_1_62' title='bbox 659 1277 775 1353; x_wconf 79' lang='lat' dir='ltr'>Qui</span> <span class='ocrx_word' id='word_1_63' title='bbox 817 1277 1019 1351; x_wconf 77' lang='lat' dir='ltr'>diliyit</span> <span class='ocrx_word' id='word_1_64' title='bbox 1056 1278 1251 1336; x_wconf 82' lang='lat' dir='ltr'>cordis</span> <span class='ocrx_word' id='word_1_65' title='bbox 1299 1277 1657 1336; x_wconf 74' lang='lat' dir='ltr'>mumditiam</span> <span class='ocrx_word' id='word_1_66' title='bbox 1682 1295 1831 1352; x_wconf 78' lang='lat' dir='ltr'>pro-</span> 
     </span>
     <span class='ocr_line' id='line_1_11' title="bbox 204 1375 1828 1451; baseline 0.001 -18"><span class='ocrx_word' id='word_1_67' title='bbox 204 1379 352 1449; x_wconf 77' lang='lat' dir='ltr'>pter</span> <span class='ocrx_word' id='word_1_68' title='bbox 389 1377 660 1449; x_wconf 73' lang='lat' dir='ltr'>qratiam</span> <span class='ocrx_word' id='word_1_69' title='bbox 704 1376 996 1434; x_wconf 76' lang='lat' dir='ltr'>labiorum</span> <span class='ocrx_word' id='word_1_70' title='bbox 1036 1375 1272 1435; x_wconf 79' lang='lat' dir='ltr'>habebit</span> <span class='ocrx_word' id='word_1_71' title='bbox 1312 1377 1568 1435; x_wconf 78' lang='lat' dir='ltr'>amicum</span> <span class='ocrx_word' id='word_1_72' title='bbox 1620 1393 1828 1451; x_wconf 77' lang='lat' dir='ltr'>reycm.</span> 
     </span>
     <span class='ocr_line' id='line_1_12' title="bbox 383 1474 1832 1560; baseline 0.001 -28"><span class='ocrx_word' id='word_1_73' title='bbox 383 1474 575 1560; x_wconf 70' lang='lat' dir='ltr'>Tertio</span> <span class='ocrx_word' id='word_1_74' title='bbox 616 1474 985 1543; x_wconf 87' lang='lat' dir='ltr'>considerate,</span> <span class='ocrx_word' id='word_1_75' title='bbox 1026 1476 1323 1544; x_wconf 89' lang='lat' dir='ltr'>carissimi,</span> <span class='ocrx_word' id='word_1_76' title='bbox 1365 1476 1425 1533; x_wconf 93' lang='lat' dir='ltr'>in</span> <span class='ocrx_word' id='word_1_77' title='bbox 1468 1475 1650 1533; x_wconf 86' lang='lat' dir='ltr'>Maria</span> <span class='ocrx_word' id='word_1_78' title='bbox 1696 1492 1832 1550; x_wconf 87' lang='lat' dir='ltr'>gra-</span> 
     </span>
     <span class='ocr_line' id='line_1_13' title="bbox 216 1572 1833 1648; baseline 0.001 -17"><span class='ocrx_word' id='word_1_79' title='bbox 216 1574 362 1632; x_wconf 82' lang='lat' dir='ltr'>tiam</span> <span class='ocrx_word' id='word_1_80' title='bbox 393 1573 868 1647; x_wconf 75' lang='lat' dir='ltr'>privilcyiorum.</span> <span class='ocrx_word' id='word_1_81' title='bbox 914 1574 997 1632; x_wconf 90' lang='lat' dir='ltr'>De</span> <span class='ocrx_word' id='word_1_82' title='bbox 1039 1572 1146 1632; x_wconf 90' lang='lat' dir='ltr'>hac</span> <span class='ocrx_word' id='word_1_83' title='bbox 1187 1575 1408 1647; x_wconf 83' lang='lat' dir='ltr'>quidem</span> <span class='ocrx_word' id='word_1_84' title='bbox 1456 1573 1650 1648; x_wconf 81' lang='lat' dir='ltr'>gratia</span> <span class='ocrx_word' id='word_1_85' title='bbox 1696 1574 1833 1633; x_wconf 85' lang='lat' dir='ltr'>dici-</span> 
     </span>
     <span class='ocr_line' id='line_1_14' title="bbox 217 1672 1833 1748; baseline 0.002 -18"><span class='ocrx_word' id='word_1_86' title='bbox 217 1673 321 1730; x_wconf 90' lang='lat' dir='ltr'>tur</span> <span class='ocrx_word' id='word_1_87' title='bbox 350 1672 538 1730; x_wconf 85' lang='lat' dir='ltr'>Lucae</span> <span class='ocrx_word' id='word_1_88' title='bbox 567 1673 749 1746; x_wconf 91' lang='lat' dir='ltr'>primo</span> <span class='ocrx_word' id='word_1_89' title='bbox 774 1672 896 1748; x_wconf 85' lang='lat'>(2):</span> <span class='ocrx_word' id='word_1_90' title='bbox 928 1673 1215 1732; x_wconf 76' lang='lat' dir='ltr'>Invenisti</span> <span class='ocrx_word' id='word_1_91' title='bbox 1238 1674 1501 1748; x_wconf 71' lang='lat' dir='ltr'>qratiam</span> <span class='ocrx_word' id='word_1_92' title='bbox 1533 1673 1696 1747; x_wconf 73' lang='lat' dir='ltr'>apud</span> <span class='ocrx_word' id='word_1_93' title='bbox 1712 1674 1833 1733; x_wconf 89' lang='lat' dir='ltr'>Do·</span> 
     </span>
     <span class='ocr_line' id='line_1_15' title="bbox 213 1772 1831 1846; baseline 0.002 -17"><span class='ocrx_word' id='word_1_94' title='bbox 213 1773 466 1830; x_wconf 58' lang='lat' dir='ltr'>minuam.</span> <span class='ocrx_word' id='word_1_95' title='bbox 514 1772 682 1846; x_wconf 85' lang='lat' dir='ltr'>Ecce,</span> <span class='ocrx_word' id='word_1_96' title='bbox 713 1772 1002 1844; x_wconf 75' lang='lat' dir='ltr'>concipies</span> <span class='ocrx_word' id='word_1_97' title='bbox 1030 1773 1095 1830; x_wconf 75' lang='lat' dir='ltr'>in</span> <span class='ocrx_word' id='word_1_98' title='bbox 1122 1775 1287 1830; x_wconf 81' lang='lat' dir='ltr'>utero</span> <span class='ocrx_word' id='word_1_99' title='bbox 1318 1775 1374 1830; x_wconf 80' lang='lat' dir='ltr'>et</span> <span class='ocrx_word' id='word_1_100' title='bbox 1401 1772 1610 1846; x_wconf 77' lang='lat' dir='ltr'>parics</span> <span class='ocrx_word' id='word_1_101' title='bbox 1636 1773 1831 1844; x_wconf 73' lang='lat' dir='ltr'>filium</span> 
     </span>
     <span class='ocr_line' id='line_1_16' title="bbox 215 1870 1831 1946; baseline 0 -16"><span class='ocrx_word' id='word_1_102' title='bbox 215 1873 275 1930; x_wconf 84' lang='lat' dir='ltr'>et</span> <span class='ocrx_word' id='word_1_103' title='bbox 312 1871 549 1929; x_wconf 83' lang='lat' dir='ltr'>vocabis</span> <span class='ocrx_word' id='word_1_104' title='bbox 574 1887 788 1928; x_wconf 75' lang='lat' dir='ltr'>nomen</span> <span class='ocrx_word' id='word_1_105' title='bbox 835 1870 959 1929; x_wconf 80' lang='lat' dir='ltr'>eius</span> <span class='ocrx_word' id='word_1_106' title='bbox 993 1871 1217 1929; x_wconf 82' lang='lat' dir='ltr'>Iesum.</span> <span class='ocrx_word' id='word_1_107' title='bbox 1260 1873 1381 1930; x_wconf 89' lang='lat' dir='ltr'>Hic</span> <span class='ocrx_word' id='word_1_108' title='bbox 1418 1873 1532 1930; x_wconf 81' lang='lat' dir='ltr'>erit</span> <span class='ocrx_word' id='word_1_109' title='bbox 1576 1888 1831 1946; x_wconf 78' lang='lat' dir='ltr'>maynus</span> 
     </span>
     <span class='ocr_line' id='line_1_17' title="bbox 213 1966 1829 2043; baseline 0.001 -16"><span class='ocrx_word' id='word_1_110' title='bbox 213 1971 271 2027; x_wconf 83' lang='lat' dir='ltr'>et</span> <span class='ocrx_word' id='word_1_111' title='bbox 311 1967 521 2027; x_wconf 79' lang='lat' dir='ltr'>Filius</span> <span class='ocrx_word' id='word_1_112' title='bbox 547 1966 849 2027; x_wconf 82' lang='lat' dir='ltr'>Altissimi</span> <span class='ocrx_word' id='word_1_113' title='bbox 882 1968 1204 2027; x_wconf 77' lang='lat' dir='ltr'>vocabitur.</span> <span class='ocrx_word' id='word_1_114' title='bbox 1233 1969 1392 2040; x_wconf 89' lang='lat' dir='ltr'>Vide,</span> <span class='ocrx_word' id='word_1_115' title='bbox 1423 1970 1695 2043; x_wconf 89' lang='lat' dir='ltr'>quomodo</span> <span class='ocrx_word' id='word_1_116' title='bbox 1724 1970 1829 2029; x_wconf 83' lang='lat' dir='ltr'>Ga-</span> 
     </span>
     <span class='ocr_line' id='line_1_18' title="bbox 214 2067 1828 2143; baseline 0.002 -19"><span class='ocrx_word' id='word_1_117' title='bbox 214 2067 363 2125; x_wconf 89' lang='lat' dir='ltr'>briel</span> <span class='ocrx_word' id='word_1_118' title='bbox 392 2082 672 2135; x_wconf 88' lang='lat' dir='ltr'>asserens,</span> <span class='ocrx_word' id='word_1_119' title='bbox 715 2067 954 2125; x_wconf 84' lang='lat' dir='ltr'>Mariam</span> <span class='ocrx_word' id='word_1_120' title='bbox 994 2068 1282 2126; x_wconf 78' lang='lat' dir='ltr'>invenisse</span> <span class='ocrx_word' id='word_1_121' title='bbox 1318 2070 1600 2143; x_wconf 74' lang='lat' dir='ltr'>qratiam,</span> <span class='ocrx_word' id='word_1_122' title='bbox 1632 2069 1828 2127; x_wconf 91' lang='lat' dir='ltr'>statim</span> 
     </span>
     <span class='ocr_line' id='line_1_19' title="bbox 213 2164 1831 2241; baseline 0.001 -17"><span class='ocrx_word' id='word_1_123' title='bbox 213 2164 453 2224; x_wconf 85' lang='lat' dir='ltr'>eandem</span> <span class='ocrx_word' id='word_1_124' title='bbox 495 2164 743 2238; x_wconf 85' lang='lat' dir='ltr'>gratiam</span> <span class='ocrx_word' id='word_1_125' title='bbox 788 2165 1120 2238; x_wconf 88' lang='lat' dir='ltr'>specificans</span> <span class='ocrx_word' id='word_1_126' title='bbox 1161 2166 1493 2240; x_wconf 86' lang='lat' dir='ltr'>subiungit:</span> <span class='ocrx_word' id='word_1_127' title='bbox 1538 2168 1707 2241; x_wconf 85' lang='lat' dir='ltr'>Ecce,</span> <span class='ocrx_word' id='word_1_128' title='bbox 1750 2169 1831 2226; x_wconf 90' lang='lat' dir='ltr'>in-</span> 
     </span>
     <span class='ocr_line' id='line_1_20' title="bbox 213 2250 1921 2340; baseline 0.001 -18"><span class='ocrx_word' id='word_1_129' title='bbox 213 2262 363 2338; x_wconf 87' lang='lat' dir='ltr'>quit,</span> <span class='ocrx_word' id='word_1_130' title='bbox 394 2264 683 2337; x_wconf 76' lang='lat' dir='ltr'>concipies</span> <span class='ocrx_word' id='word_1_131' title='bbox 723 2265 789 2322; x_wconf 76' lang='lat' dir='ltr'>in</span> <span class='ocrx_word' id='word_1_132' title='bbox 828 2267 993 2323; x_wconf 80' lang='lat' dir='ltr'>utero</span> <span class='ocrx_word' id='word_1_133' title='bbox 1030 2266 1138 2323; x_wconf 84' lang='lat' dir='ltr'>etc.</span> <span class='ocrx_word' id='word_1_134' title='bbox 1181 2264 1228 2323; x_wconf 90' lang='grc' dir='ltr'>Ο</span> <span class='ocrx_word' id='word_1_135' title='bbox 1271 2282 1440 2338; x_wconf 88' lang='lat' dir='ltr'>quam</span> <span class='ocrx_word' id='word_1_136' title='bbox 1471 2282 1740 2340; x_wconf 83' lang='lat' dir='ltr'>magnum</span> <span class='ocrx_word' id='word_1_137' title='bbox 1768 2266 1827 2325; x_wconf 87' lang='lat' dir='ltr'>et</span> <span class='ocrx_word' id='word_1_138' title='bbox 1914 2250 1921 2259; x_wconf 51' lang='lat'>⁸</span> 
     </span>
     <span class='ocr_line' id='line_1_21' title="bbox 211 2362 1830 2438; baseline 0 -15"><span class='ocrx_word' id='word_1_139' title='bbox 211 2362 481 2423; x_wconf 89' lang='lat' dir='ltr'>omnibus</span> <span class='ocrx_word' id='word_1_140' title='bbox 544 2362 784 2420; x_wconf 87' lang='lat' dir='ltr'>saeculis</span> <span class='ocrx_word' id='word_1_141' title='bbox 846 2363 1161 2421; x_wconf 89' lang='lat' dir='ltr'>inauditum</span> <span class='ocrx_word' id='word_1_142' title='bbox 1228 2364 1617 2437; x_wconf 84' lang='lat' dir='ltr'>privilegium,</span> <span class='ocrx_word' id='word_1_143' title='bbox 1682 2365 1830 2438; x_wconf 86' lang='lat' dir='ltr'>quod</span> 
     </span>
     <span class='ocr_line' id='line_1_22' title="bbox 211 2461 1898 2536; baseline 0.001 -16"><span class='ocrx_word' id='word_1_144' title='bbox 211 2464 384 2535; x_wconf 84' lang='lat' dir='ltr'>virgo</span> <span class='ocrx_word' id='word_1_145' title='bbox 445 2462 505 2518; x_wconf 92' lang='lat' dir='ltr'>in</span> <span class='ocrx_word' id='word_1_146' title='bbox 548 2462 711 2520; x_wconf 86' lang='lat' dir='ltr'>utero</span> <span class='ocrx_word' id='word_1_147' title='bbox 752 2462 1007 2535; x_wconf 86' lang='lat' dir='ltr'>concepit</span> <span class='ocrx_word' id='word_1_148' title='bbox 1047 2461 1105 2519; x_wconf 89' lang='lat' dir='ltr'>et</span> <span class='ocrx_word' id='word_1_149' title='bbox 1147 2463 1354 2520; x_wconf 87' lang='lat' dir='ltr'>Filium</span> <span class='ocrx_word' id='word_1_150' title='bbox 1396 2462 1681 2520; x_wconf 87' lang='lat' dir='ltr'>Altissimi</span> <span class='ocrx_word' id='word_1_151' title='bbox 1731 2480 1831 2536; x_wconf 90' lang='lat' dir='ltr'>pe·</span> <span class='ocrx_word' id='word_1_152' title='bbox 1883 2479 1898 2489; x_wconf 78' lang='grc'><strong>“</strong></span> 
     </span>
     <span class='ocr_line' id='line_1_23' title="bbox 213 2559 1829 2635; baseline 0 -15"><span class='ocrx_word' id='word_1_153' title='bbox 213 2560 405 2635; x_wconf 85' lang='lat' dir='ltr'>perit!</span> <span class='ocrx_word' id='word_1_154' title='bbox 450 2559 764 2618; x_wconf 89' lang='lat' dir='ltr'>Possumus</span> <span class='ocrx_word' id='word_1_155' title='bbox 823 2560 1014 2619; x_wconf 89' lang='lat' dir='ltr'>autem</span> <span class='ocrx_word' id='word_1_156' title='bbox 1063 2560 1263 2620; x_wconf 87' lang='lat' dir='ltr'>notare</span> <span class='ocrx_word' id='word_1_157' title='bbox 1321 2560 1537 2633; x_wconf 88' lang='lat' dir='ltr'>septem</span> <span class='ocrx_word' id='word_1_158' title='bbox 1595 2562 1829 2634; x_wconf 85' lang='lat' dir='ltr'>privile-</span> 
     </span>
     <span class='ocr_line' id='line_1_24' title="bbox 210 2658 1828 2734; baseline 0.001 -17"><span class='ocrx_word' id='word_1_159' title='bbox 210 2661 314 2734; x_wconf 86' lang='lat' dir='ltr'>gia</span> <span class='ocrx_word' id='word_1_160' title='bbox 359 2658 595 2728; x_wconf 81' lang='lat' dir='ltr'>Mariae,</span> <span class='ocrx_word' id='word_1_161' title='bbox 636 2659 954 2733; x_wconf 84' lang='lat' dir='ltr'>privilegia,</span> <span class='ocrx_word' id='word_1_162' title='bbox 997 2661 1249 2732; x_wconf 85' lang='lat' dir='ltr'>inquam,</span> <span class='ocrx_word' id='word_1_163' title='bbox 1290 2660 1581 2718; x_wconf 86' lang='lat' dir='ltr'>immensis</span> <span class='ocrx_word' id='word_1_164' title='bbox 1620 2658 1828 2733; x_wconf 88' lang='lat' dir='ltr'>gratiis</span> 
     </span>
     <span class='ocr_line' id='line_1_25' title="bbox 209 2752 1844 2831; baseline 0.001 -16"><span class='ocrx_word' id='word_1_165' title='bbox 209 2758 390 2831; x_wconf 85' lang='lat' dir='ltr'>plena</span> <span class='ocrx_word' id='word_1_166' title='bbox 432 2756 539 2816; x_wconf 89' lang='lat' dir='ltr'>soli</span> <span class='ocrx_word' id='word_1_167' title='bbox 577 2756 792 2815; x_wconf 86' lang='lat' dir='ltr'>Mariae</span> <span class='ocrx_word' id='word_1_168' title='bbox 830 2774 866 2816; x_wconf 82' lang='lat' dir='ltr'>a</span> <span class='ocrx_word' id='word_1_169' title='bbox 908 2757 1025 2817; x_wconf 91' lang='lat' dir='ltr'>Deo</span> <span class='ocrx_word' id='word_1_170' title='bbox 1071 2773 1354 2817; x_wconf 88' lang='lat' dir='ltr'>concessa.</span> <span class='ocrx_word' id='word_1_171' title='bbox 1403 2759 1659 2817; x_wconf 91' lang='lat' dir='ltr'>Primum</span> <span class='ocrx_word' id='word_1_172' title='bbox 1712 2752 1844 2817; x_wconf 56' lang='lat' dir='ltr'>Ma?</span> 
     </span>
    </p>
   </div>
   <div class='ocr_carea' id='block_1_3' title="bbox 210 2892 543 2903">
    <p class='ocr_par' dir='ltr' id='par_1_3' title="bbox 210 2892 543 2903">
     <span class='ocr_line' id='line_1_26' title="bbox 210 2892 543 2903; baseline 0 578"><span class='ocrx_word' id='word_1_173' title='bbox 210 2892 543 2903; x_wconf 95' lang='lat' dir='ltr'> </span> 
     </span>
    </p>
   </div>
   <div class='ocr_carea' id='block_1_4' title="bbox 347 2936 1823 3118">
    <p class='ocr_par' dir='ltr' id='par_1_4' title="bbox 347 2936 1823 3118">
     <span class='ocr_line' id='line_1_27' title="bbox 347 2936 1823 3032; baseline 0.002 -15"><span class='ocrx_word' id='word_1_174' title='bbox 347 2970 393 3031; x_wconf 89' lang='lat'>1)</span> <span class='ocrx_word' id='word_1_175' title='bbox 430 2969 566 3016; x_wconf 76' lang='lat' dir='ltr'>vers.</span> <span class='ocrx_word' id='word_1_176' title='bbox 606 2969 681 3016; x_wconf 93' lang='lat'>11.</span> <span class='ocrx_word' id='word_1_177' title='bbox 898 2936 903 2941; x_wconf 41' lang='lat'><strong>⁴</strong></span> <span class='ocrx_word' id='word_1_178' title='bbox 1403 2972 1453 3032; x_wconf 87' lang='lat'>2)</span> <span class='ocrx_word' id='word_1_179' title='bbox 1488 2971 1623 3019; x_wconf 77' lang='lat' dir='ltr'>vers.</span> <span class='ocrx_word' id='word_1_180' title='bbox 1661 2972 1823 3021; x_wconf 83' lang='lat'><strong>30-32.</strong></span> 
     </span>
     <span class='ocr_line' id='line_1_28' title="bbox 1670 3071 1701 3118; baseline 0 0"><span class='ocrx_word' id='word_1_181' title='bbox 1670 3071 1701 3118; x_wconf 83' lang='lat' dir='ltr'>c</span> 
     </span>
    </p>
   </div>
  </div>
 </body>
</html>
