2237 3481
876 279 1075 321 an'rlo
1115 280 1171 319 x.
1710 261 1820 322 131

229 473 358 529 tur:
403 471 664 529 Domum
715 474 878 529 tuam
934 472 1091 529 decet
1143 472 1500 545 sanctitudo,
1550 471 1824 531 Domine.

228 569 274 629 Ο
326 586 456 628 vere
512 570 883 644 singulariter
938 570 1165 628 beatam
1220 571 1463 639 domum,
1506 587 1648 643 quae
1706 572 1827 629 sola

227 669 341 727 tam
385 668 757 743 singulariter
800 668 973 728 talem
1016 669 1223 727 meruit
1250 669 1455 727 habere
1494 669 1824 729 Dominum!

226 768 365 825 Ecce
407 768 574 836 enim,
617 767 818 826 beatus
859 768 1186 826 Bernardus
1218 766 1305 843 (1)
1350 768 1462 826 ait:
1516 791 1546 820 ‹<
1574 770 1657 827 Tu
1707 770 1826 827 sola

225 866 397 939 digna
437 865 675 924 inventa
711 883 792 935 εει,
834 866 901 924 ut
954 868 1013 924 in
1071 866 1171 925 tua
1213 868 1481 940 virginali
1521 868 1654 925 aula
1695 867 1824 927 Rex

225 982 427 1039 reama
467 969 522 1023 et
561 966 857 1024 Dominus
887 966 1321 1024 dominantium
1344 967 1432 1041 (2)
1465 984 1501 1024 a
1527 967 1826 1040 reyalibus

225 1064 454 1123 sedibus
492 1066 724 1122 veniens
755 1064 864 1139 (3),
909 1066 1151 1137 primam
1192 1065 1298 1122 sibi
1348 1065 1498 1123 inter
1538 1065 1685 1126 filios
1726 1065 1827 1123 ho·

223 1164 435 1220 minum
481 1164 823 1221 mansionem
861 1162 1179 1236 eligeret».
1209 1163 1330 1221 Iste
1367 1164 1674 1236 singularis
1703 1164 1828 1220 Ma·
1867 1151 1868 1160 ¹

223 1262 338 1319 riae
381 1261 656 1319 Dominus
720 1262 798 1319 sic
854 1261 1223 1334 singulariter
1278 1278 1402 1319 cum
1460 1262 1642 1319 Maria
1696 1261 1823 1331 fuit,

222 1360 369 1433 quod
412 1359 582 1418 etiam
621 1360 802 1432 ipsam
850 1360 968 1418 tam
1009 1360 1379 1433 singulariter
1420 1361 1702 1419 dominam
1752 1360 1825 1418 fe·

220 1457 315 1526 cit,
359 1458 506 1531 quod
557 1480 587 1509 «
615 1475 715 1516 nec
755 1459 994 1531 primam
1028 1459 1266 1516 similem
1310 1460 1433 1516 visa
1467 1459 1571 1527 est,
1601 1476 1701 1517 nec
1729 1459 1824 1515 ha-

219 1556 350 1614 bere
393 1557 713 1628 sequentem
745 1580 774 1609 »
813 1557 925 1631 (4),
961 1557 1090 1614 dum
1136 1558 1261 1630 ipsa
1303 1557 1670 1630 singulariter
1715 1558 1827 1615 Do-

220 1655 357 1712 mini
393 1653 544 1727 s'ilia,
582 1654 805 1713 Domini
842 1657 1050 1727 mater,
1081 1655 1305 1714 Domini
1333 1672 1571 1728 sponsa,
1601 1655 1824 1713 Domini

218 1753 447 1811 ancilla
473 1753 626 1811 facta
653 1752 760 1812 est.
788 1755 970 1812 Maria
998 1756 1145 1832 enim
1177 1754 1295 1812 filia
1325 1754 1548 1812 Domini
1579 1755 1825 1827 singula·

216 1851 362 1909 riter
386 1868 680 1924 generosa,
704 1852 884 1909 mater
908 1852 1132 1911 Domini
1161 1852 1529 1926 singulariter
1556 1853 1822 1925 gloriosa,

218 1966 435 2023 sponsa
477 1950 702 2008 Domini
745 1951 1112 2024 singulariter
1156 1953 1424 2024 speciosa,
1468 1951 1676 2009 ancilla
1718 1951 1823 2009 Do-

215 2049 356 2106 mini
399 2049 771 2121 singulariter
811 2049 1142 2122 obsequiosa
1184 2050 1311 2108 fuit.
1367 2051 1422 2107 Si
1479 2050 1666 2107 autem
1709 2050 1823 2107 ista

213 2147 406 2205 tribus
451 2148 706 2218 personis
749 2148 956 2205 divinis
984 2148 1245 2206 volumus
1273 2150 1662 2221 appropriare,
1695 2165 1825 2220 pos-

212 2262 417 2303 sumus
459 2245 657 2314 dicere,
698 2246 844 2318 quod
885 2246 1159 2305 Dominus
1188 2246 1312 2315 iste,
1342 2248 1438 2319 qui
1466 2248 1581 2304 tam
1628 2248 1823 2319 singu-

208 2345 419 2402 lariter
461 2345 549 2401 est
588 2361 715 2402 cum
758 2345 957 2413 Maria,
1001 2346 1122 2416 ipse
1164 2345 1252 2402 est
1304 2346 1578 2404 Dominus
1628 2344 1819 2413 Pater,

207 2443 495 2501 Dominus
538 2443 735 2512 Filius,
779 2443 1053 2501 Dominus
1109 2443 1356 2515 Spiritus
1414 2443 1663 2511 sanotuS,
1707 2444 1821 2502 Do-

207 2542 407 2599 minus
450 2540 637 2598 trinus
679 2540 736 2599 et
778 2559 945 2599 unus..
987 2541 1121 2613 Ipse
1171 2540 1258 2599 est
1299 2540 1573 2599 Dominus
1628 2542 1820 2611 Pater,

345 2790 391 2850 1)
428 2788 594 2837 Potius
625 2789 844 2847 Egbert„
881 2791 970 2838 loc.
1007 2789 1091 2837 cit.
1130 2804 1178 2836 n.
1215 2791 1264 2836 2.

340 2871 393 2930 2)
428 2870 468 2917 1.
506 2869 626 2916 Tim.
664 2871 712 2929 6,
752 2869 826 2916 15.
1392 2872 1440 2931 3)
1476 2870 1586 2930 Sap.
1627 2870 1701 2928 18,
1742 2870 1816 2917 15.

340 2950 393 3010 4)
430 2951 680 3011 Bernard„
714 2950 864 2998 Serm.
897 2950 944 2997 4.
983 2949 1033 2998 in
1066 2951 1276 2998 Assumt.
1313 2951 1369 2998 B.
1408 2952 1473 2998 Μ.
1508 2952 1566 2998 V.
1602 2965 1652 2998 n.
1687 2952 1734 2997 5.
