2237 3481
873 255 1072 298 nmmo
1112 254 1237 297 xm.
1739 237 1853 297 185

254 449 392 522 gina
433 450 591 518 caeli,
657 449 752 506 ubi
813 450 902 507 est
961 450 1173 508 clamor
1236 449 1529 507 iucundus,
1592 448 1857 507 Clamant

253 550 403 606 enim
445 550 504 605 in
544 549 716 617 caelo,
758 548 906 606 sicut
946 549 1321 622 Apocalypsis
1361 548 1565 622 quarto
1595 545 1684 624 (1)
1727 549 1855 606 dici·

253 647 381 705 tur:
428 644 699 720 Sanam,
745 644 1016 718 Sanctus,
1059 647 1329 720 Sanctus,
1349 646 1664 705 .Dominus
1691 646 1855 705 Deus

253 747 655 817 omnipotens„
700 745 855 804 Haec
915 746 974 804 et
1036 747 1164 819 ipsa
1230 747 1427 819 regina
1486 745 1853 805 clamantium

251 860 379 902 cum
419 845 622 902 ceteris
659 843 1038 902 clamantibus
1076 845 1324 902 clamare
1382 861 1493 903 non
1534 843 1736 914 cessat,
1776 843 1854 902 te-

251 943 445 1001 stante
487 943 811 1016 Augustino
841 943 950 1018 (2),
994 944 1089 1017 qui
1131 942 1242 1001 ait:
1295 966 1325 996 α
1353 944 1437 1002 Tu
1478 944 1679 1016 Maria,
1730 959 1853 1001 con-

249 1042 391 1100 civis
432 1043 572 1101 caeli
614 1041 847 1111 civibuS‚
892 1043 1012 1099 sine
1051 1041 1163 1100 fine
1205 1041 1502 1101 coniuncta
1538 1042 1725 1100 choris
1757 1059 1853 1099 an·

247 1141 446 1214 gelicis
473 1139 939 1214 archangelisque
962 1140 1193 1210 sociata,
1216 1141 1493 1199 indefessa
1513 1157 1673 1200 voce:
1708 1139 1852 1199 San·

247 1241 397 1311 otus,
462 1237 734 1311 Sanctus,
798 1237 1051 1296 Sanctus
1111 1239 1356 1297 clamare
1416 1255 1529 1298 non
1577 1256 1765 1297 cessas
1790 1262 1847 1296 ».

239 1336 405 1395 Haec
447 1336 643 1409 utique
686 1337 774 1394 est
820 1337 1035 1410 regina,
1079 1346 1249 1410 quam
1292 1336 1601 1395 Psalmista
1631 1337 1720 1411 (3)
1763 1338 1851 1395 de-

247 1434 520 1503 scribens,
557 1434 670 1492 ait:
715 1432 928 1493 Astztit
965 1435 1172 1508 reyina
1198 1452 1236 1492 a
1264 1433 1482 1493 deoetris
1509 1435 1643 1492 tuis.
1687 1435 1851 1493 Hanc

246 1535 504 1606 reginam
566 1533 639 1591 ad
701 1549 938 1606 regnum
995 1535 1151 1607 sequi
1213 1533 1454 1605 possunt
1514 1532 1849 1592 fiducialiter

245 1633 580 1705 quicumque
624 1633 671 1689 ei
712 1633 771 1690 iu
813 1632 1020 1691 mundo
1050 1631 1352 1691 servierint
1388 1631 1659 1702 fideliter3
1702 1632 1848 1690 unde

245 1729 449 1789 beatus
498 1730 823 1789 Bernardus
863 1730 984 1806 (4):
1058 1754 1088 1782 ‹<
1116 1730 1435 1789 Praecessit
1494 1747 1597 1789 nos
1651 1731 1847 1804 regina

243 1829 464 1897 nostra,
509 1828 834 1901 praecessit,
877 1830 936 1887 et
978 1829 1093 1887 tam
1136 1830 1379 1902 gloriose
1434 1828 1698 1901 suscepta
1738 1828 1845 1897 est,

244 1926 312 1985 ut
353 1926 692 1986 fiducialiter
733 1928 1043 2000 sequantur
1083 1928 1365 1986 dominam
1416 1928 1564 1986 servi
1604 1928 1845 1985 claman-

244 2026 334 2083 tes
365 2025 488 2100 (5):
537 2025 727 2084 Prahe
766 2041 857 2083 me
886 2029 1029 2097 post
1069 2028 1121 2083 te
1148 2049 1205 2082 >›.
1242 2059 1321 2067 —
1347 2025 1514 2094 Item,
1556 2025 1846 2083 considera

242 2125 303 2181 in
347 2125 610 2197 ingressu
673 2126 899 2197 reginae
954 2125 1185 2183 nostrae
1228 2126 1560 2197 potentiam
1612 2124 1845 2181 eomita-

243 2226 340 2280 τας
381 2224 565 2296 ipsam
609 2222 897 2296 stipantiS‚
942 2225 1000 2281 in
1063 2240 1126 2282 eo
1181 2223 1328 2296 quod
1383 2222 1618 2281 dicitur:
1675 2222 1844 2280 comi-

242 2324 374 2379 tatu
416 2321 620 2380 multo.
661 2321 934 2394 Ingressa
974 2322 1121 2379 enim
1163 2320 1251 2380 est
1311 2322 1493 2380 Maria
1544 2320 1839 2380 caelestem

239 2420 553 2479 Ierusalem
597 2437 728 2479 cum
766 2421 1045 2478 comitatu
1083 2421 1268 2479 multo
1312 2420 1625 2494 potentium
1676 2437 1843 2492 ange-

369 2688 390 2733 1
450 2688 585 2735 Vers.
621 2689 668 2735 8.

363 2689 415 2828 2}
449 2767 596 2815 Serm.
625 2768 737 2816 208.
773 2769 972 2829 append.
1008 2784 1056 2817 n.
1095 2770 1172 2816 11.
1349 2769 1396 2828 3)
1433 2770 1606 2817 Psalm.
1642 2770 1721 2829 44,
1760 2770 1833 2817 10.

362 2849 414 2908 4)
449 2848 596 2896 Serm.
637 2849 680 2896 1.
715 2848 766 2895 in
798 2849 1008 2897 Assumt.
1045 2851 1103 2897 B.
1136 2851 1201 2897 Μ.
1239 2850 1295 2896 V.
1331 2864 1380 2897 n.
1419 2851 1462 2897 1.

363 2930 414 2989 5)
450 2928 590 2977 Cant.
631 2930 674 2990 1,
710 2931 755 2978 3.
