2237 3481
880 291 1079 334 memo
1122 291 1207 332 111.
1289 319 1297 326 .
1766 274 1843 331 35
1921 346 1924 349 Ι

240 499 344 555 per
365 482 646 555 exempla,
675 498 775 555 per
799 482 1090 556 beneficia,
1114 499 1215 555 per
1235 483 1543 555 praemia:
1570 483 1850 541 illumina-

235 581 372 649 trix,
415 582 665 654 inquam,
696 597 797 654 per
824 582 1079 654 exempla
1104 583 1259 640 vitae
1288 599 1440 650 suae,
1471 582 1848 639 illuminatrix

238 696 342 752 per
384 678 652 738 beneficia
693 681 1128 739 misericordiae
1163 697 1315 750 suae,
1343 681 1718 738 illuminatrix
1750 698 1849 753 per

237 777 495 850 praemia
530 777 762 851 yloriae
803 795 938 836 suae
979 778 1067 837 est
1109 779 1309 836 Maria.

401 875 593 935 Primo
633 892 767 950 ergo
809 877 1118 947 considera,
1148 878 1452 946 carissime,
1483 878 1630 951 quod
1665 877 1849 935 Maria

236 974 330 1033 est
354 974 731 1032 illuminatrix
754 976 1124 1048 plurimorum
1151 993 1251 1048 per
1278 976 1540 1049 exempla
1576 977 1850 1035 lucidissi-

236 1089 364 1131 mae
382 1073 537 1130 vitae
565 1089 718 1131 suae.
738 1073 878 1145 Ipsa
907 1074 1055 1131 enim
1085 1072 1191 1142 est,
1224 1076 1426 1132 «cuius
1456 1075 1575 1131 vita
1600 1076 1849 1147 gloriosa

235 1172 422 1229 lucem
461 1170 616 1229 dedit
643 1172 865 1230 saeculo
889 1170 1060 1246 (1‚)»;
1090 1173 1217 1244 ipsa
1244 1172 1349 1241 est,
1389 1174 1591 1230 «cuius
1621 1172 1739 1231 vita
1769 1175 1850 1231 in·

236 1270 395 1344 clyta
435 1270 668 1328 cunetas
707 1270 967 1328 illustrat
993 1271 1256 1329 ecclesias
1279 1270 1366 1345 (2)
1385 1292 1443 1340 ›>;
1472 1273 1597 1343 ipsa
1626 1273 1850 1329 omnino

236 1368 331 1427 est
370 1368 602 1426 lucerna
642 1367 924 1426 Ecclesiae
967 1369 1039 1425 ad
1093 1368 1198 1427 hoc
1252 1386 1286 1426 a
1330 1369 1444 1427 Deo
1506 1368 1847 1436 illuminata,

235 1467 305 1525 ut
349 1483 449 1538 per
490 1467 672 1538 ipsam
715 1467 915 1525 contra
959 1466 1224 1525 tenebras
1264 1452 1459 1525 mundi
1500 1467 1850 1524 illuminare-

236 1564 340 1622 tur
380 1564 651 1622 Ecclesia.
693 1563 831 1623 Oret
859 1564 1040 1632 fidelis
1068 1567 1259 1622 anima
1290 1565 1347 1622 et
1375 1564 1525 1622 dicat
1549 1565 1666 1639 (3):
1704 1565 1849 1639 Quo·

236 1665 408 1721 niam
473 1665 537 1721 tu
586 1663 897 1721 illuminas
951 1664 1250 1721 lucernam
1313 1680 1518 1735 meam,
1576 1664 1847 1734 Domine,

240 1763 409 1820 Deus
448 1773 630 1835 meuS,
672 1762 952 1820 illumina
994 1762 1255 1820 tenebras
1296 1779 1469 1820 meas,
1514 1762 1679 1819 Hanc
1720 1779 1847 1818 vere

239 1862 533 1919 lucernam
577 1860 850 1919 Dominus
894 1860 1239 1918 illuminavit
1278 1857 1600 1933 plenissime
1650 1861 1708 1917 et
1751 1877 1849 1932 per

236 1959 388 2016 hanc
430 1958 694 2016 tenebras
734 1960 1050 2016 animarum
1093 1959 1417 2016 nostrarum
1477 1959 1848 2016 illuminando

238 2056 411 2129 fugat
452 2056 511 2115 et
551 2056 792 2130 fugavit.
834 2056 956 2115 Hoc
996 2057 1135 2114 bene
1180 2056 1429 2115 sentiens
1472 2057 1670 2114 beatus
1710 2057 1848 2114 Ber-

243 2155 466 2213 nardus
506 2155 619 2213 ait:
673 2178 702 2207 «
728 2154 776 2213 O
818 2156 1018 2224 Maria,
1064 2155 1129 2212 tu
1173 2155 1447 2213 virtutum
1507 2156 1611 2213 tibi
1653 2173 1687 2212 a
1729 2156 1845 2213 Deo

240 2252 555 2310 inditarum
597 2253 913 2326 magnificis
956 2254 1224 2325 exemplis
1264 2253 1335 2310 ad
1366 2253 1733 2312 imitationem
1763 2253 1846 2310 tui
1931 2261 1938 2265 “

236 2368 346 2409 nos
390 2367 682 2422 provocas,
727 2353 913 2423 sicque
956 2351 1174 2409 noctem
1228 2352 1481 2408 nostram
1539 2352 1848 2408 illuminas.

237 2449 349 2519 Qui
392 2450 541 2507 enim
584 2450 707 2507 vias
749 2448 880 2507 tuas
922 2449 1236 2507 insectatus
1278 2449 1449 2507 fuerit
1488 2466 1608 2506 non
1645 2450 1848 2506 ambu-

238 2548 331 2607 lat
371 2547 439 2604 in
484 2546 749 2621 tenebris,
778 2546 881 2605 sed
904 2547 1134 2605 habebit
1175 2547 1368 2605 lumen
1395 2548 1547 2604 vitae
1571 2546 1659 2621 (4)
1686 2571 1741 2603 ›>.
1772 2580 1851 2588 ——

370 2796 417 2856 1)
443 2794 679 2854 Breviar„
704 2808 918 2854 respons,
944 2796 1004 2842 ad
1026 2794 1068 2841 1.
1089 2795 1201 2843 lect.
1226 2794 1276 2842 in
1300 2795 1422 2842 festo
1440 2795 1605 2842 Nativ.
1628 2797 1683 2842 B.
1706 2797 1770 2843 M.
1791 2796 1849 2842 V.

365 2876 419 2935 2)
453 2875 595 2935 Ibid.‚
631 2890 846 2951 respo-nS.
881 2876 942 2923 ad
974 2878 1084 2923 lect.
1122 2876 1169 2923 4.

366 2952 417 3011 3)
455 2952 628 2999 Psalm.
674 2952 745 3012 17,
779 2952 859 2999 29.
1434 2953 1482 3012 4)
1518 2953 1648 2999 Ioan.
1685 2953 1732 3012 8,
1773 2953 1846 2999 12.
