2237 3481
352 252 449 295 xvl
988 250 1319 294 PRAEFATIO.

353 442 729 521 inveniatur,
777 441 876 507 cui
927 458 1144 507 omnes
1192 440 1289 507 isli
1340 440 1516 508 dotes
1563 447 1625 508 et
1683 441 1956 510 virtutes

352 566 552 634 aeque
599 544 1095 633 conveniant(1)
1130 573 1189 611 ».

530 653 877 739 Speciatim*
906 661 1128 720 auctor
1177 654 1238 719 in
1280 654 1338 719 S.
1381 654 1708 740 Scriptura
1740 672 1954 723 versa-

353 768 486 828 tum
536 778 602 828 se
649 760 929 836 exhibet,
978 778 1168 845 quam
1221 759 1514 827 continue
1561 760 1806 847 allegat,
1855 761 1954 828 in-

350 884 554 953 genue
607 866 881 951 explicat
927 865 1237 950 cuiusque
1299 883 1552 933 sensum
1615 867 1949 952 mysticum

353 972 582 1059 passim
616 972 935 1058 proponit3
963 971 1130 1038 unde
1155 970 1451 1039 accidisse
1485 971 1753 1052 videtur,
1781 974 1951 1058 quod

351 1080 567 1165 plures
614 1080 785 1145 hunc
840 1078 1073 1146 librum
1125 1080 1182 1144 S.
1233 1078 1709 1146 Bonaventurae
1773 1081 1951 1146 attri-

352 1187 650 1265 buerunt,
698 1203 887 1272 quern
937 1184 1215 1270 profecto
1278 1186 1439 1271 sapit
1508 1187 1840 1272 perspicua
1890 1196 1953 1255 et

352 1311 702 1380 praegnans
752 1292 1087 1359 lectionum
1138 1292 1381 1373 divisi0,
1429 1311 1466 1359 a
1513 1293 1696 1360 cuius
1742 1294 1952 1379 gravi-

350 1407 476 1468 tate
522 1409 583 1467 et
631 1399 1017 1486 plenitudine
1064 1406 1274 1466 tamen
1322 1401 1659 1467 nonnullae
1691 1401 1749 1467 S.
1785 1402 1952 1468 Scri-

349 1515 575 1594 pturae
622 1507 1072 1593 explicationes
1126 1508 1460 1574 arcessitae
1507 1514 1569 1574 et
1618 1507 1777 1575 t'or‘te
1839 1526 1951 1575 cu-

354 1615 554 1682 riosae
601 1615 964 1682 abscedunt.

528 1723 623 1790 Fr.
682 1721 1035 1790 Conradum
1101 1723 1359 1807 insuper
1426 1722 1489 1789 in
1553 1722 1805 1809 scriptis
1867 1742 1949 1792 ss.

350 1838 600 1917 patrum
649 1830 819 1897 haud
872 1829 1276 1915 peregrinum
1328 1829 1541 1910 fuisse,
1591 1837 1682 1897 tot
1727 1848 1953 1898 eorum

348 1938 540 2006 verba
586 1938 665 2005 ab
711 1937 847 2022 ipso
894 1954 1010 2003 suo
1056 1936 1229 2021 operi
1282 1937 1515 2003 inserta
1561 1937 1918 2005 ostendunt.

525 2044 821 2111 Doctrina
854 2043 1052 2128 ipsius
1075 2060 1328 2109 sensum
1355 2061 1751 2111 communem
1782 2045 1954 2112 theo-

347 2153 633 2239 logorum
691 2151 788 2217 sui
860 2149 1160 2235 temporis
1212 2150 1493 2229 exhibet,
1550 2151 1717 2236 quod
1784 2151 1955 2219 clare

346 2259 636 2338 ostendit,
668 2258 817 2325 dum
866 2257 943 2324 de
991 2256 1394 2342 conceptione
1434 2257 1705 2343 Virginis
1752 2258 1813 2324 in
1867 2259 1954 2325 le-

346 2368 551 2435 ctione
583 2367 678 2432 Xl.
714 2367 880 2451 (pag.
920 2365 1094 2447 145.)
1128 2365 1245 2429 ait:
1307 2363 1527 2448 «Quia
1572 2382 1723 2431 vero
1769 2365 1954 2433 beata

349 2475 537 2561 Virgo
562 2474 623 2540 in
652 2479 905 2559 peccato
922 2479 1221 2556 concepta
1245 2470 1383 2550 fuit,
1403 2470 1507 2538 sed
1536 2471 1670 2537 sine
1697 2480 1954 2557 peccato

348 2588 511 2663 nata,
545 2582 606 2648 in
655 2588 908 2666 peccato
940 2585 1078 2645 orta
1110 2597 1234 2644 non
1267 2577 1420 2657 fuit3
1456 2579 1573 2645 hoc
1605 2586 1700 2645 est
1733 2586 1954 2646 contra

474 2852 519 2911 1)
553 2851 629 2897 Ita
661 2850 744 2897 Dr.
791 2849 998 2905 Stamm,
1048 2846 1098 2893 in
1148 2860 1286 2906 opere
1336 2863 1359 2890 e
1380 2846 1463 2893 Dr.
1511 2845 1696 2894 Conrad
1744 2847 1945 2906 Mal-tin,

346 2930 543 2980 Bischof
570 2944 660 2978 von
694 2929 962 2977 Padetborn
983 2944 1006 2971 ι
1049 2927 1336 2987 (Paderborn
1373 2925 1531 2987 1892).
