2237 3481
106 2970 387 3081 ww..

455 293 570 352 150
959 311 1249 354 specuum
1290 311 1342 353 B.
1385 310 1449 353 M.
1491 311 1544 355 v.

447 504 567 562 tam
608 505 940 563 miraculose
980 504 1251 578 concepit,
1292 504 1398 564 hoc
1450 505 1548 563 ille
1604 505 1784 563 facere
1841 505 2053 579 potuit,

445 605 541 676 qui
596 603 909 662 alludentia
977 603 1107 661 huic
1173 603 1443 663 miraculo
1513 604 1795 662 mirabilia
1864 605 2055 663 multa

445 703 757 775 praemisit,
801 703 948 761 sicut
988 689 1190 760 beatus
1251 703 1613 777 Augustinus
1636 702 1725 778 (1)
1768 702 2046 774 testatur,

443 803 538 875 qui
581 803 660 860 sic
702 801 868 860 dicit:
922 825 950 853 α
973 801 1078 871 Qui
1122 802 1353 875 scripsit
1378 803 1636 875 lapideas
1666 802 1898 860 tabulas
1929 804 2052 862 sine

442 900 575 960 stilo
618 900 815 970 ferre0,
859 902 980 974 ipse
1019 898 1347 974 gravidavit
1389 900 1630 958 Mariam
1670 900 1892 973 Spiritu
1922 918 2051 959 san-

442 998 564 1070 cto;
607 1000 664 1058 et
704 1000 799 1073 qui
840 999 1105 1072 produxit
1148 1015 1349 1071 panem
1412 1000 1470 1058 in
1528 1015 1712 1058 eremo
1754 1001 1879 1058 sine
1919 1017 2053 1058 ara-

441 1098 610 1167 tione,
670 1099 793 1171 ipse
847 1097 1269 1172 impraegnavit
1329 1097 1620 1170 Virginem
1682 1098 1803 1157 sine
1859 1115 2051 1158 corru-

442 1196 664 1269 ptione3
706 1195 764 1254 et
804 1197 900 1269 qui
963 1195 1094 1254 fecit
1157 1196 1376 1268 virgam
1442 1196 1561 1254 sine
1604 1196 1800 1269 pluvia
1841 1198 2047 1270 germi-

438 1312 596 1364 nare,
658 1296 780 1367 ipse
840 1293 981 1353 fecit*
1035 1293 1209 1352 filiam
1267 1294 1452 1351 David
1514 1294 1633 1352 sine
1696 1295 1910 1354 semine
1949 1313 2042 1369 ge-

436 1411 636 1453 nerare
662 1417 691 1446 a»
707 1438 720 1450 .

598 1491 812 1562 Quarto
855 1491 1164 1560 attendite,
1193 1492 1490 1564 carissimi,
1551 1493 1700 1566 quod
1759 1493 2042 1566 quaedam

435 1590 568 1649 felix
609 1608 815 1650 aurora
858 1591 946 1649 est
971 1591 1156 1648 Maria
1183 1590 1419 1663 propter
1446 1590 1664 1649 felicem
1696 1590 1886 1649 locum
1917 1593 2042 1650 eius

433 1692 500 1749 irc
534 1691 767 1765 yloria;
807 1690 865 1750 et
907 1691 1208 1750 secundum
1264 1690 1369 1750 hoc
1425 1690 1561 1750 bene
1603 1691 1669 1749 de
1708 1708 1920 1751 aurora
1966 1692 2043 1750 di-

433 1791 580 1848 citur
622 1791 724 1849 Iob
767 1790 1055 1864 trigesimo
1117 1791 1315 1850 octavo
1342 1790 1462 1865 (2):
1519 1790 1816 1863 Numquid
1855 1795 2043 1851 osten-

431 1890 573 1948 dista·
616 1906 870 1947 aurorae
935 1888 1123 1947 locum
1183 1889 1404 1948 suum?
1443 1889 1566 1947 Iam
1630 1889 1782 1947 certe
1825 1906 2042 1949 aurora

432 1987 632 2048 nostra
687 1988 869 2045 Maria
930 1987 1249 2045 sublimiter
1308 1987 1497 2046 locata
1536 1988 1595 2045 in
1651 1988 1805 2046 caelo
1847 1989 2037 2047 locum

430 2087 587 2146 tenet
627 2088 1029 2145 vicinissimum
1059 2086 1174 2145 Soli
1215 2086 1464 2145 aeterno.
1495 2086 1864 2146 Considerate
1895 2105 2035 2162 ergo

429 2202 728 2259 possumus
767 2185 1047 2258 triplicem
1090 2185 1304 2243 Mariae
1331 2185 1513 2244 locum
1544 2185 1882 2245 notabilem:
1917 2188 2040 2260 pri·

427 2301 553 2342 mus
595 2284 700 2351 est,
744 2300 853 2356 quo
895 2284 1019 2356 ipsa
1063 2283 1365 2342 Dominum
1410 2283 1660 2363 suscepit
1698 2285 2070 2357 spiritumet,

428 2386 548 2453 ter,·
590 2383 884 2451 secunduS,
927 2398 1035 2454 quo
1077 2382 1379 2440 Dominum
1417 2382 1671 2455 concepit
1710 2383 2037 2455 corporali-

426 2484 547 2551 ter,·
586 2480 810 2549 tertius,
852 2497 961 2554 quo
1004 2482 1188 2554 ipsam
1250 2481 1524 2538 Dominus
1580 2481 1791 2553 recepit
1856 2484 2039 2539 aeter-

423 2579 662 2637 naliter.
703 2579 857 2648 Dico,
900 2579 1046 2652 quod
1096 2579 1328 2651 primus
1382 2579 1558 2648 locus,
1600 2594 1711 2652 quo
1751 2580 1882 2652 ipsa
1923 2580 2038 2640 Do-

423 2679 636 2736 minum
681 2676 930 2751 suscepit
967 2676 1386 2750 spiritualiter,
1442 2677 1530 2735 est
1589 2692 1751 2736 mens
1812 2678 2035 2737 Mariae

427 2823 744 2832 ——.-——

550 2911 595 2970 l)
631 2909 777 2958 Serm.
818 2909 924 2956 195.
960 2908 1159 2968 append.
1196 2907 1340 2968 (alias
1377 2909 1475 2969 18.)
1511 2923 1560 2956 n.
1595 2909 1643 2956 6.

544 2991 595 3052 2)
630 2991 765 3038 Vers.
805 2990 880 3037 12.

402 3118 439 3153 ‘PL-

454 3164 463 3175 Ι

588 3242 589 3249 ’
632 3262 641 3291 ὲ

644 3298 661 3337 r!

650 3348 661 3369 δ’
