2237 3481
848 265 1046 308 an‘mo
1090 265 1202 309 x1v.
1715 248 1826 309 191

225 458 386 530 Ecce,
428 457 625 530 igitur,
668 457 950 532 gloriosus
1011 458 1108 515 ille
1171 457 1549 531 archangelus
1605 456 1832 516 Gabriel

223 557 532 630 gloriosam
572 556 730 614 illam
771 556 1063 630 Virginem
1104 556 1346 614 Mariam
1400 556 1662 614 salutans
1716 557 1833 630 glo-

225 657 378 714 riosa
419 653 765 713 salutatione
802 655 988 727 ipsam
1037 653 1428 713 decentissime
1481 670 1832 713 consumma·

223 754 312 812 vit
352 755 413 812 in
455 753 854 824 benedictione,
891 754 1110 825 dicens:
1141 753 1461 812 Benedicta
1503 757 1567 811 tu
1607 754 1674 810 in
1711 770 1834 811 mu-

224 853 488 912 lieribus,
512 854 676 912 Hanc
698 853 1036 912 senientiam
1061 852 1321 911 tractans
1343 851 1543 911 beatus
1564 852 1835 925 Hierony-

226 968 354 1010 mus
378 948 469 1027 (1)
504 952 616 1010 ait:
658 975 687 1004 α
715 951 1036 1010 Benedicta
1066 954 1131 1009 tu
1157 953 1224 1009 in
1249 951 1616 1024 mulieribus,
1645 951 1701 1009 id
1744 950 1833 1008 est

223 1049 520 1109 benedicta
563 1051 693 1123 plus
734 1067 899 1124 quam
947 1067 1140 1109 omnes
1168 1051 1451 1109 mulieres,
1481 1049 1564 1108 Ac
1602 1067 1703 1122 per
1729 1050 1835 1109 hoc

225 1149 498 1222 quidquid
528 1149 934 1207 maledictionis
975 1149 1225 1207 infusum
1268 1149 1357 1207 est
1400 1166 1498 1221 per
1526 1149 1724 1217 Evam,
1756 1149 1836 1207 to·

227 1248 350 1306 tum
395 1247 641 1305 abstulit
682 1248 990 1306 benedictio
1033 1248 1250 1306 Mariae
1275 1271 1337 1304 ».
1364 1246 1531 1305 Dicat
1571 1263 1704 1320 ergo
1731 1246 1837 1304 Ga-

227 1347 391 1414 briel,
421 1347 600 1404 dicat:
639 1346 955 1404 Benedicta
997 1350 1060 1404 tu
1103 1351 1167 1404 in
1209 1345 1571 1404 mulieribus.
1604 1345 1835 1403 Benedi-

227 1446 341 1514 cta,
372 1447 622 1518 inquam,
654 1445 887 1518 propter
908 1445 1316 1517 plenitudinem
1333 1445 1568 1518 qratiae
1589 1445 1644 1501 in
1669 1443 1727 1502 te
1750 1460 1837 1502 ve-

226 1543 530 1611 nerandae,
561 1542 852 1602 benedicta
879 1543 1110 1616 propter
1140 1542 1524 1601 celsitudinem
1547 1558 1835 1615 personae

228 1661 295 1701 ex
339 1643 395 1700 te
439 1642 838 1711 incarnandae,
883 1642 1174 1701 benedicta
1231 1642 1466 1714 propter
1521 1640 1837 1698 multitudi-

228 1760 357 1801 nem
399 1742 838 1800 misericordiae
877 1759 978 1815 per
1019 1742 1076 1799 te
1120 1740 1511 1814 praestandae,
1543 1739 1834 1798 benedicta

229 1840 467 1914 propter
511 1840 957 1914 magnitudinem
1010 1840 1243 1914 yloriae
1299 1856 1469 1911 super
1532 1840 1588 1896 te
1649 1854 1837 1896 cumu-

226 1940 455 1998 landae.

390 2038 582 2097 Primo
626 2038 879 2110 pensate,
923 2039 1222 2107 carissimi,
1267 2038 1413 2111 quod
1459 2054 1587 2094 vere
1615 2036 1836 2094 benedi·

229 2138 325 2196 cta
366 2138 456 2196 est
495 2137 678 2194 Maria
721 2136 955 2209 propter
992 2135 1425 2208 plenitudinem
1476 2135 1712 2209 qratiae
1768 2135 1830 2192 in

227 2239 364 2309 ipsa
403 2235 783 2308 venerandae,
829 2235 974 2293 sicut
1015 2236 1149 2307 apte
1192 2234 1441 2293 osiendit
1481 2233 1729 2302 Gabriel,
1758 2233 1838 2290 di-

228 2352 364 2394 cens
387 2333 511 2409 (2):
549 2333 692 2408 Ave,
724 2334 927 2407 qratia
943 2332 1150 2405 plena,
1182 2331 1477 2390 Dominus
1508 2335 1708 2404 tecum,
1753 2331 1836 2388 be-

227 2432 462 2492 nedicta
527 2434 590 2488 tu
648 2433 716 2490 in
777 2431 1139 2490 mulieribus.
1191 2429 1494 2488 Benedicta
1556 2430 1639 2502 tu,
1703 2431 1835 2502 quia

230 2533 404 2606 plena
442 2531 635 2605 gratia
678 2548 738 2589 es
772 2531 856 2588 tu.
888 2530 1176 2588 Invenisti
1204 2529 1356 2586 enim
1380 2529 1644 2602 qratiam
1674 2530 1838 2599 apud

229 2630 560 2689 Dominum
588 2629 699 2704 (3),
741 2630 799 2687 et
839 2629 959 2686 ideo
1003 2645 1062 2685 es
1104 2627 1395 2685 benedicta
1444 2626 1595 2699 apud
1646 2625 1836 2684 Domi-

362 2862 409 2921 1)
444 2860 600 2920 Epist.
635 2860 721 2907 cit.
758 2875 805 2907 n.
841 2861 888 2906 5.

358 2943 409 3003 2)
444 2943 556 2989 Luc.
596 2942 639 2998 1,
673 2941 752 2987 28.
1434 2939 1482 2998 3)
1517 2937 1638 2985 Ibid.
1674 2951 1720 2984 v.
1757 2938 1834 2985 30.
