2237 3481
400 244 514 305 126
907 264 1199 307 SPECULUM
1239 264 1293 305 B.
1334 264 1397 306 M.
1440 265 1496 307 v.

398 454 748 529 perditionis,
790 454 973 513 Maria
1014 471 1148 513 vero
1189 454 1519 512 fidelissima
1559 454 1858 511 mediatrix
1909 472 2007 512 sa-

395 553 536 612 lutis
578 553 720 623 fuit3
764 554 822 612 et
855 554 977 611 ideo
1005 553 1145 611 bene
1188 551 1389 610 beatus
1416 552 1743 610 Bernardus
1766 551 1857 627 (1)
1888 554 2006 611 ait:

405 675 434 703 «
464 653 674 711 Fidelis
714 651 1012 709 mediatrix
1039 652 1242 721 Maria,
1272 668 1424 724 quae
1443 651 1651 709 salutis
1678 651 2008 710 antidotum

397 752 537 808 viris
576 749 637 809 et
691 750 1022 808 mulieribus
1078 749 1408 823 propinavit
1433 772 1491 834 »3
1535 749 1812 808 Dominus
1867 767 2009 823 ergo

395 849 600 917 tecum,
642 865 674 907 o
714 849 898 907 Maria
941 848 1289 907 fidelissima.

553 947 771 1017 Quarto
824 947 1123 1015 attendite,
1166 948 1462 1017 carissimi,
1519 947 1666 1020 quod
1722 946 2008 1005 Dominus

395 1046 589 1104 noster
631 1047 910 1118 specialiS,
954 1047 1050 1118 qui
1091 1062 1217 1104 cum
1260 1046 1443 1103 Maria
1485 1046 1592 1114 est,
1619 1047 1741 1118 ipse
1770 1046 1863 1103 est
1892 1046 2011 1105 Do-

396 1146 583 1202 minus
630 1145 1141 1203 nominatissimus
1195 1142 1549 1214 famositate.
1600 1144 1798 1217 Magni
1853 1146 2007 1203 enim

393 1244 638 1300 nominis
692 1242 798 1310 est,
841 1243 987 1301 teste
1047 1243 1288 1302 Ieremia
1319 1244 1430 1318 (2),
1472 1244 1567 1316 qui
1631 1241 1698 1301 de
1763 1243 2008 1303 Domino

393 1341 506 1400 isto
547 1340 660 1398 ait:
704 1341 850 1401 Non
889 1344 976 1399 est
1013 1341 1230 1400 similis
1282 1342 1388 1412 tui,
1432 1340 1704 1413 Domine,
1746 1358 2009 1415 maynus

396 1441 460 1496 tu
501 1441 556 1497 et
619 1456 896 1513 maynum
957 1456 1170 1498 nomen
1233 1441 1415 1497 tuum.
1470 1439 1743 1512 Magnum
1805 1439 2007 1512 utique

393 1537 547 1595 fama
587 1537 645 1595 et
685 1538 850 1596 laude
892 1555 1093 1598 nomen
1126 1538 1349 1597 Domini
1379 1538 1468 1595 est
1494 1538 1552 1595 in
1581 1538 1732 1596 omni
1748 1538 2004 1611 populo,

394 1636 542 1695 sicut
583 1637 862 1709 propheta
893 1637 982 1713 (3)
1027 1637 1292 1706 ostendit,
1336 1637 1555 1695 dicens:
1585 1636 1772 1709 Reyes
1811 1640 2007 1695 terrae

391 1738 447 1794 et
487 1752 681 1794 omnes
710 1735 947 1809 populi,
979 1736 1285 1808 principes
1326 1737 1381 1793 et
1421 1751 1618 1793 omnes
1647 1734 1867 1794 iudices
1895 1737 2005 1792 ter-

390 1851 514 1907 rae,
555 1835 784 1893 iuvenes
825 1838 880 1892 et
925 1832 1207 1908 viminos,
1257 1851 1419 1893 senes
1475 1850 1606 1892 cum
1659 1833 2006 1893 iwnioribus

391 1932 630 1992 laudent
648 1949 858 1990 nomen
880 1933 1146 1990 Domini.
1169 1965 1249 1974 —
1269 1932 1530 1991 Nominis
1555 1932 1746 1989 autem
1772 1931 2004 1991 Domini

390 2031 519 2088 laus
548 2030 606 2088 et
633 2029 785 2089 fama
827 2047 939 2089 non
969 2031 1151 2088 solum
1195 2030 1266 2088 ad
1310 2047 1527 2089 omnem
1573 2031 1868 2102 populum,
1900 2032 2003 2089 sed

390 2128 564 2186 etiam
605 2128 677 2185 ad
733 2145 894 2187 omne
947 2130 1170 2200 tempus
1227 2145 1285 2186 se
1346 2127 1622 2197 extendit,
1686 2127 1836 2186 sicut
1897 2145 2006 2201 per

390 2226 623 2284 eundem
670 2225 1004 2298 prophetam
1038 2226 1127 2301 (4)
1174 2225 1351 2298 patet,
1389 2226 1483 2298 qui
1511 2225 1625 2283 ait:
1657 2223 1754 2284 Sit
1786 2242 2005 2284 nomen

392 2324 641 2382 Domini
702 2322 1077 2398 benedictum,
1120 2341 1189 2383 ex
1231 2324 1338 2382 hoc
1394 2340 1552 2382 mim
1593 2326 1647 2382 et
1686 2340 1871 2395 usque
1939 2326 2004 2382 in

388 2422 705 2482 saeculum.
767 2421 935 2491 Item,
978 2423 1222 2481 nominis
1265 2423 1488 2480 Domini
1532 2423 1661 2480 laus
1722 2422 1784 2479 et
1844 2422 2004 2480 fama

390 2536 502 2578 non
545 2520 725 2578 solum
769 2520 840 2577 ad
903 2512 1124 2579 omnem
1179 2521 1469 2593 populum,
1511 2537 1623 2578 non
1681 2520 1861 2579 solum
1926 2521 2002 2578 ad

518 2770 562 2830 1)
599 2769 747 2817 Serm.
783 2769 834 2816 in
866 2770 997 2817 Dom.
1032 2768 1123 2816 inf.
1159 2768 1263 2817 Oct.
1300 2769 1510 2816 Assumt.
1546 2769 1602 2815 Β.
1639 2769 1706 2816 Μ.
1742 2769 1800 2815 V.
1838 2783 1885 2816 n.
1924 2769 1976 2817 2.

513 2851 563 2910 2)
601 2850 713 2910 Cap.
752 2850 827 2908 10,
865 2851 911 2898 6.

515 2931 563 2990 3)
600 2931 773 2978 Psalm.
814 2930 919 2988 148,
959 2930 1034 2978 11.
1069 2943 1169 2988 seq.
1502 2927 1551 2989 4)
1586 2929 1762 2977 Psalm.
1802 2928 1909 2988 112,
1946 2930 1997 2977 2.
