2237 3481
898 261 1097 303 Lam-10
1141 262 1203 303 11.
1783 245 1857 303 13

249 452 399 526 quod
441 452 530 510 esi.
592 452 802 525 triplex
864 468 986 521 vae,
1030 470 1065 510 a
1128 469 1237 525 quo
1294 454 1705 510 immanissima
1747 454 1858 511 fuiia

248 551 382 617 ista,
425 551 514 608 cui
555 550 767 608 dictum
811 551 929 608 est:
975 548 1117 608 Ave.
1149 551 1256 608 Est
1297 552 1443 608 enim
1486 568 1588 609 vae
1630 551 1855 625 eulpae,

249 666 354 707 vae
395 649 667 707 miseriae
709 650 766 706 et
807 666 910 707 vae
947 649 1259 723 yehennae.
1306 650 1432 719 Est,
1461 651 1709 723 inquam,
1754 667 1857 708 vae

247 747 455 820 eulpae
495 746 769 821 actualis,
813 765 916 806 vae
970 748 1240 806 miseriae
1304 748 1614 822 oriyinalis
1655 749 1712 806 et
1753 766 1856 806 vae

241 861 464 917 poenae
500 845 869 919 yehennalis.
914 845 995 903 De
1038 847 1129 903 his
1172 846 1356 904 tribus
1398 863 1501 904 vae
1529 863 1641 905 non
1672 848 1857 905 incon-

246 960 388 1016 grue
450 943 842 1016 intelligimus,
897 944 1041 1017 quod
1105 944 1480 1018 Apocalypsis
1542 945 1739 1003 octavo
1764 945 1882 1020 (1)Ἴ

246 1042 491 1113 legitur:
557 1038 801 1114 Audivi,
859 1042 1044 1115 inquit
1100 1043 1366 1111 Ioannes,
1422 1059 1612 1100 vocem
1673 1044 1854 1102 wnias

246 1139 486 1212 aquilae
526 1139 783 1198 volantis
813 1156 927 1211 per
967 1140 1219 1198 medium
1246 1140 1410 1213 caeli,
1443 1141 1688 1200 dicentis
1723 1157 1855 1200 voce

243 1255 499 1311 mayna:
555 1239 692 1311 Vae,
733 1255 856 1311 vae,
919 1255 1022 1296 vae
1077 1239 1481 1298 habitantibus
1543 1241 1607 1297 in
1674 1244 1851 1298 terra.

242 1337 351 1394 Sed
392 1353 533 1404 ecee,
576 1337 866 1409 quodlibeta
906 1336 1110 1395 horum
1154 1337 1326 1396 trium
1355 1355 1458 1396 vae
1507 1326 1854 1412 multiplica-

243 1437 360 1503 tur,
406 1434 548 1492 heu!
595 1452 694 1507 per
738 1436 851 1493 tria
892 1453 1013 1503 vae,
1072 1438 1140 1493 ut
1202 1438 1282 1495 sic
1342 1437 1510 1495 simul
1575 1439 1692 1495 sint
1753 1454 1854 1497 no-

241 1551 369 1591 vem
412 1550 533 1601 vae,
576 1533 777 1591 eontra
818 1550 961 1606 quae
1013 1535 1225 1592 Mariae
1289 1536 1437 1593 recte
1499 1535 1711 1594 dictum
1766 1537 1855 1594 est

242 1630 389 1689 Ave.
455 1630 605 1688 Nam
668 1631 781 1688 tria
823 1632 1041 1704 culpae,
1094 1633 1208 1690 tria
1265 1635 1540 1703 miseriae,
1585 1634 1698 1692 tria
1760 1652 1851 1708 ge-

238 1729 465 1788 hennae
506 1730 643 1788 sunt
683 1748 804 1800 vae,
850 1748 952 1803 pro
994 1749 1234 1804 quorum
1275 1732 1528 1791 carentia
1568 1733 1695 1805 ipsa
1739 1751 1853 1791 me-

241 1829 355 1887 rito
399 1828 692 1886 salutatur
734 1846 833 1901 per
875 1828 1017 1888 Ave.

402 1926 595 1985 Primo
636 1928 833 1999 igiiaur,
878 1929 1174 1997 carissimi,
1231 1929 1694 1987 considerandum
1739 1931 1844 1999 est,

241 2025 394 2098 quod
438 2025 648 2096 triplex
689 2025 779 2082 est
818 2043 920 2083 vae
961 2027 1186 2099 eulpae,
1233 2027 1491 2085 videlicet
1518 2045 1621 2085 vae
1649 2029 1849 2101 culpae

240 2123 459 2194 cordis.
501 2138 605 2179 vae
645 2123 845 2195 culpae
888 2125 1010 2181 oris
1051 2123 1109 2181 et
1151 2141 1254 2182 vae
1296 2125 1494 2196 culpae
1523 2127 1734 2196 operis.
1765 2127 1847 2185 De

240 2221 336 2279 his
378 2219 565 2278 tribus
609 2238 711 2278 vae
754 2222 923 2278 etiam
968 2222 1073 2279 dici
1120 2222 1339 2295 potest:
1398 2224 1533 2296 Vae,
1576 2241 1700 2298 vae,
1742 2241 1846 2282 vae

234 2318 650 2377 habitantibus
690 2320 754 2376 in
798 2322 974 2378 terra.
1014 2354 1095 2363 —
1136 2321 1255 2379 Vae
1297 2338 1429 2394 ergo
1461 2323 1848 2395 peccatoribus

232 2433 341 2491 pro
384 2416 557 2488 culpa
612 2416 826 2491 cordis,
891 2419 1038 2476 sicut
1098 2419 1306 2477 dicitur
1347 2421 1534 2478 Isaiae
1575 2422 1845 2494 vigesimo

229 2531 383 2575 nono
409 2515 531 2588 (2):
591 2515 709 2572 Vae
773 2517 879 2587 qai
928 2515 1226 2587 profundi
1268 2520 1404 2576 estis
1468 2521 1658 2591 corde,
1698 2522 1768 2576 at
1808 2538 1846 2577 a

230 2614 502 2672 Domino
566 2613 934 2672 abscondatis
997 2617 1309 2673 consilium
1371 2617 1478 2674 etc.
1534 2617 1652 2675 Vae
1695 2618 1845 2676 certae

218 2709 552 2784 profundis
593 2711 763 2770 corde
805 2713 876 2770 ad
921 2715 1151 2783 malum,
1190 2716 1321 2788 quia
1363 2715 1644 2787 profunda
1677 2717 1845 2774 corda

363 2925 410 2985 1)
448 2925 583 2971 Vers.
640 2925 714 2973 13.
1507 2928 1557 2987 2)
1593 2929 1726 2976 Vers.
1767 2929 1841 2976 15.
