2237 3481
859 221 1056 263 nnc'rlo
1098 221 1215 263 XVI.
1718 202 1832 262 241

233 427 406 470 surus
436 433 493 469 ».
550 410 753 482 Terra,
815 426 958 482 quae
1018 408 1130 468 isto
1192 409 1381 468 fructu
1443 409 1707 480 satiatur,
1750 410 1839 468 est

231 511 427 568 anima
467 508 737 575 humana,
780 524 922 581 quae
977 507 1048 564 ad
1105 508 1328 566 modum
1371 508 1557 565 terrae
1620 524 1839 581 semper

234 608 327 668 est
367 605 748 681 germinativa
791 607 908 664 sive
950 606 1176 664 utilium
1220 608 1336 665 sive
1377 607 1663 664 inutilium
1711 606 1841 664 her-

232 707 457 774 barum,
501 705 558 762 id
598 704 687 762 est
727 704 1131 776 cogitationum
1163 703 1221 760 et
1247 705 1665 763 desideriorum.
1693 704 1837 773 Ista,

233 807 492 877 inquam,
537 806 695 861 terra
736 801 936 873 fructu
976 803 1189 861 Mariae
1217 802 1676 876 satiatur-,sicut
1704 804 1841 861 scri-

238 904 403 976 ptum
448 901 538 960 est
567 901 689 976 (1):
737 899 1036 973 Satiabor,
1081 917 1212 958 cum
1254 903 1603 974 apparuerit
1637 901 1839 976 yloria

237 1005 363 1059 tua.
394 1000 538 1070 Quid
566 1002 793 1068 mirum,
824 1001 871 1056 si
901 1000 959 1057 in
986 1000 1170 1072 gloria
1201 1000 1484 1057 satientur
1512 1000 1615 1058 hoo
1650 1000 1840 1058 fructu

234 1097 510 1167 fruenteS‚
539 1115 664 1156 cum
708 1098 878 1155 etiam
907 1099 965 1154 in
998 1099 1223 1155 miseria
1263 1098 1367 1156 hoc
1408 1096 1595 1157 fructu
1638 1099 1842 1156 satien-

234 1199 336 1255 tur
377 1197 718 1255 credentes?
771 1196 931 1253 Unde
988 1194 1354 1255 Cassiodorus
1385 1197 1473 1270 (2)
1521 1197 1841 1254 exclamans

236 1297 405 1354 dicit:
460 1318 490 1346 α
518 1295 564 1353 Ο
607 1295 828 1353 fructus
890 1294 984 1351 ille
1039 1294 1335 1363 mirabiliS,
1378 1296 1472 1366 qui
1530 1294 1837 1353 humanum

233 1410 419 1469 genus
461 1394 787 1451 dulcissima
828 1392 1163 1449 credulitate
1206 1391 1471 1449 satiavit!
1514 1392 1673 1450 Unde
1728 1409 1841 1451 non

233 1492 473 1567 gustare
517 1508 745 1564 peccare
788 1491 960 1548 est».
1004 1490 1144 1548 Vide
1186 1506 1338 1563 ergo,
1374 1507 1540 1563 quam
1586 1493 1844 1563 copiosus

233 1592 346 1649 iste
389 1589 609 1648 fructus
645 1590 753 1662 est,
782 1591 877 1662 qui
905 1590 1154 1646 animam
1184 1589 1395 1646 satiare
1439 1588 1644 1660 potest,
1673 1605 1843 1661 quam

236 1689 399 1749 totus
442 1689 687 1747 mundus
731 1688 940 1746 satiare
982 1704 1095 1747 non
1140 1686 1347 1760 potest.

400 1788 569 1855 Item,
613 1787 909 1855 carissimi,
952 1786 1174 1844 fructus
1215 1786 1324 1843 iste
1365 1785 1689 1844 benedictus
1731 1803 1843 1845 non

236 1888 423 1946 solum
468 1886 587 1943 tam
630 1886 888 1958 copiosus
928 1885 1034 1952 est,
1080 1884 1227 1957 quod
1268 1885 1512 1941 animam
1555 1883 1843 1942 insatiabi-

235 1988 349 2044 lem
397 1985 587 2057 potest
629 1985 792 2056 plene
834 1983 1077 2052 reficere,
1108 1984 1204 2041 sed
1234 1984 1403 2042 etiam
1435 1983 1550 2039 tam
1587 1984 1845 2054 copiosus

238 2084 347 2152 est,
393 2083 542 2155 quod
583 2083 953 2140 universitati
994 2082 1403 2141 satiandorwm
1453 2080 1643 2153 potest
1682 2073 1851 2152 plene

238 2182 517 2242 sufficere.
560 2180 668 2237 Hic
711 2181 856 2237 enim
901 2180 988 2237 est
1030 2179 1251 2238 fructus
1278 2180 1498 2238 arboris
1538 2179 1694 2237 illius
1729 2179 1844 2252 glo-

237 2283 442 2348 riosae,
486 2278 553 2335 de
595 2295 706 2350 qua
748 2277 954 2337 dicitur
998 2278 1253 2337 Danielis
1294 2276 1498 2350 quarto
1525 2277 1647 2351 (3):
1691 2277 1844 2334 Fru-

235 2381 366 2437 ctus
409 2378 533 2435 eius
574 2376 814 2449 nimius,
858 2392 986 2434 esca
1025 2377 1432 2435 universorum
1472 2377 1538 2434 in
1575 2392 1677 2446 ca;
1711 2376 1845 2433 wni-

234 2493 540 2536 versorum
601 2475 750 2533 certe
797 2476 856 2532 in
899 2474 1136 2534 Domino
1193 2475 1520 2544 viventium,
1565 2476 1845 2549 quiescen-

237 2578 403 2644 tium,
434 2573 874 2647 resurgentium,
899 2573 1044 2631 sicut
1073 2573 1309 2645 pulchre
1339 2574 1625 2647 signatum
1657 2572 1846 2646 potest

372 2806 416 2864 1)
453 2805 629 2851 Psalm.
671 2804 744 2861 16,
786 2805 859 2850 15.

366 2886 415 2945 2)
452 2883 669 2945 Exposit.
706 2883 756 2931 in
791 2886 963 2932 Psalm.
1004 2885 1047 2942 1,
1082 2883 1130 2931 4.
1540 2885 1588 2942 3)
1625 2884 1757 2930 Vers.
1793 2884 1841 2931 9.

1663 2982 1719 3030 16
