2237 3481
830 274 1031 317 Lsorlo
1072 276 1173 316 111.
1691 257 1804 316 175
1874 280 1878 284 ·

210 483 327 525 esse
346 466 539 539 potest
558 468 615 524 in
638 466 784 525 libro
800 466 1180 524 Numerorum
1209 466 1417 525 decimo
1440 465 1678 539 septimo
1696 466 1807 542 (1),

208 565 299 623 ubi
326 565 551 634 dicitur,
580 565 729 637 quod
757 566 920 637 virga
960 564 1155 623 Aaron
1190 565 1363 635 flores
1390 562 1557 622 simul
1586 564 1643 623 et
1682 562 1809 633 fru-

207 666 361 722 ctum
399 662 619 721 habuit.
661 663 732 721 In
775 664 939 736 virga
982 663 1175 721 Aaron
1218 663 1367 721 recte
1409 663 1585 737 Virgo
1625 664 1807 721 Maria

209 761 396 835 potest
436 778 556 820 esse
584 762 866 835 figurata3
908 762 966 819 in
994 762 1167 835 virya
1210 778 1450 834 namque
1484 762 1696 820 Mariae
1726 780 1806 821 re-

206 860 436 929 ctitudo,
467 861 524 919 in
553 861 698 931 flore
723 860 912 918 autem
941 861 1192 932 corporis
1219 860 1523 933 glorIfioati
1565 861 1808 933 pulchri·

207 959 360 1027 tudo,
402 960 460 1016 in
502 956 705 1027 fructu
733 974 864 1017 vero
892 959 1111 1016 animae
1141 960 1261 1015 eius
1289 958 1577 1016 beatitudo
1618 960 1808 1032 potest

205 1075 324 1116 esse
367 1057 613 1131 signata.
655 1056 984 1116 Notandum
1048 1058 1194 1115 enim
1251 1057 1356 1126 est,
1399 1059 1545 1130 quod
1601 1075 1806 1132 eorpus

205 1157 322 1215 sive
365 1172 495 1215 caro
537 1154 703 1214 floret
741 1157 800 1213 in
841 1155 1154 1224 iuventute,
1186 1156 1332 1213 siout
1360 1157 1416 1213 in
1460 1156 1688 1216 Psalmo
1713 1157 1802 1233 (2)

203 1255 438 1313 dicitur:
481 1254 668 1312 Mane
721 1239 929 1324 floreat
983 1255 1038 1311 et
1091 1256 1370 1312 transeat.
1425 1256 1559 1313 Flos
1613 1257 1802 1313 autem

201 1352 352 1425 perit
389 1353 451 1410 in
494 1351 691 1420 morte,
733 1353 882 1409 sicut
936 1352 1144 1410 dicitur
1198 1353 1383 1410 Isaiae
1441 1354 1807 1427 quadragesi-

199 1467 289 1509 mo
321 1450 437 1524 (3):
484 1451 862 1508 Exsiccatum
903 1452 990 1508 est
1027 1447 1282 1523 foenum,
1323 1453 1378 1508 et
1434 1451 1636 1510 cecidit
1674 1454 1803 1524 tl03.

198 1548 446 1607 Refloret
499 1548 690 1606 autem
744 1549 804 1606 in
858 1549 1107 1622 gloriosa
1165 1541 1590 1619 resurrectione,
1646 1552 1805 1609 iuxta

196 1648 341 1706 illud
383 1647 598 1705 Psalmi
630 1647 751 1722 (4):
794 1647 1091 1719 Refloruit
1144 1663 1281 1705 caro
1320 1664 1467 1706 mea.
1518 1649 1639 1707 Iste
1700 1649 1804 1709 flos

195 1747 628 1822 glorificationis
669 1749 921 1820 corporis
950 1749 1113 1820 quasi
1156 1748 1244 1807 tot
1270 1747 1444 1807 habet
1475 1748 1638 1830 tolia,
1667 1751 1806 1822 quot

194 1862 403 1918 corpus
458 1844 839 1918 glorificatum
880 1845 1053 1904 habet
1096 1846 1256 1906 dotes
1297 1846 1355 1904 et
1405 1849 1673 1919 praemia.
1727 1847 1804 1904 Et

193 1944 348 2004 certe
391 1944 620 2017 quidam
663 1945 847 2003 sancti
890 1945 1145 2004 doctores
1188 1945 1558 2018 probabiliter
1595 1945 1804 2004 sentire

193 2042 465 2102 videntur
519 2044 578 2100 et
637 2042 1054 2102 rationabiliter
1117 2044 1355 2116 probare
1410 2043 1693 2113 nituntur,
1746 2044 1804 2102 et

192 2141 396 2200 fideles
435 2140 586 2199 huno
628 2158 856 2199 sensum
900 2143 989 2214 pie
1039 2141 1483 2214 amplectuntur,
1524 2142 1801 2212 videlicet,

189 2239 346 2313 quod
370 2238 554 2296 *beata
596 2240 779 2297 Maria
820 2240 932 2298 iam
973 2257 1097 2298 cum
1142 2257 1372 2313 corpore
1414 2239 1491 2298 sit
1525 2240 1801 2309 assumta,

189 2339 250 2398 et
291 2355 502 2409 corpus
542 2339 653 2397 iam
696 2356 823 2397 cum
885 2340 1075 2396 anima
1132 2340 1209 2396 sit
1261 2340 1660 2413 glorificatum.
1718 2340 1800 2398 De

186 2437 298 2496 hoo
329 2453 573 2510 namque
602 2437 802 2495 beatus
832 2436 1192 2510 Augustinus
1224 2437 1314 2513 (5)
1360 2438 1445 2496 ait
1475 2438 1597 2513 (6):
1652 2460 1681 2489 α
1704 2438 1803 2496 Di-

326 2623 372 2683 1)
409 2624 543 2670 Vers.
579 2623 626 2669 8.
1338 2623 1388 2683 2)
1425 2624 1599 2670 Psalm.
1635 2624 1713 2683 89,
1749 2624 1797 2672 6.

321 2703 372 2763 3)
409 2704 541 2750 Vers.
578 2704 625 2750 8.
1338 2703 1387 2763 4)
1425 2704 1597 2751 Psalm.
1632 2704 1711 2762 27,
1750 2704 1800 2752 7:

317 2786 370 2844 5)
407 2784 585 2831 Auctor
617 2783 704 2832 lib.
739 2786 796 2831 de
827 2785 1037 2833 Assumt.
1071 2785 1127 2831 B.
1165 2785 1229 2831 M.
1266 2786 1323 2832 V.
1356 2784 1505 2844 (inter
1535 2798 1675 2844 opera
1706 2786 1798 2832 Au-

186 2866 350 2925 gust.)
386 2879 429 2913 o.
464 2866 512 2912 8.

316 2947 373 3006 6)
414 2945 647 2994 Vaticana
695 2945 969 2994 continuat:
1029 2964 1052 2990 ι
1074 2946 1197 2994 Vera
1244 2946 1433 2995 ratione
1485 2947 1798 2995 confitendum
