2237 3481
116 3019 315 3136 *x

347 3253 539 3377 1.»...-

401 238 476 297 18
906 228 1196 301 srncunuu
1238 260 1288 300 B.
1332 261 1394 301 M.
1436 261 1491 303 v.

396 449 664 507 immunis
707 449 780 508 ab
820 451 931 536 isto
971 467 1074 509 vae
1115 452 1467 510 nascentium
1497 451 1607 510 fuit
1635 453 1996 512 sanctissima

396 547 672 606 nativitas
713 549 945 618 Mariae,
988 566 1131 622 quae
1172 566 1285 608 non
1348 551 1528 609 solum
1591 551 1664 608 ab
1726 553 1994 624 originali

346 640 349 651 '
397 647 583 719 culpa,
628 646 725 705 sed
780 647 951 705 etiam
1001 665 1036 705 a
1076 647 1288 706 fomitis
1328 649 1571 722 miseria,
1616 650 1671 707 in
1715 650 1995 721 quantum

396 744 469 803 ad
511 745 799 817 peccatum
841 745 1102 804 ductivus
1144 747 1286 815 erat,
1331 748 1410 804 sic
1463 746 1705 804 liberata
1745 747 1995 805 creditur

348 850 353 856 ’
398 860 499 915 per
541 843 1044 902 sanctificationem
1105 846 1163 902 in
1227 844 1405 914 utero,
1449 845 1515 903 ut
1571 862 1860 918 nunquam
1922 847 1995 904 ad

397 943 688 1015 peccatum
747 943 1022 1000 inclinata
1083 943 1257 1001 fuerit
1309 944 1368 1000 in
1429 943 1533 1002 hoc
1576 944 1801 1013 mundo,
1845 943 1992 1002 teste

397 1039 562 1099 beato
600 1040 891 1099 Bernardo
915 1038 1023 1115 (1),
1066 1042 1162 1114 qui
1206 1040 1317 1098 ait:
1372 1063 1401 1092 «
1430 1041 1595 1110 Puto,
1638 1041 1787 1114 quod
1813 1043 1994 1115 copio-

396 1139 511 1197 sior
547 1138 739 1212 gratia
781 1138 1245 1198 sanctificationis
1287 1140 1346 1197 in
1400 1139 1583 1212 ipsam
1625 1139 1993 1210 descenderit,

399 1253 542 1309 quae
582 1253 695 1296 non
740 1237 920 1295 solum
982 1237 1171 1296 ortum
1231 1238 1351 1295 eius
1393 1237 1851 1307 sanctificaverit,
1891 1239 1996 1296 sed

397 1335 454 1393 et
494 1334 672 1393 vitam
711 1335 971 1408 deinceps
1027 1336 1099 1394 ab
1163 1337 1313 1395 omni
1375 1336 1603 1409 peccato
1661 1337 1997 1395 custodierit

395 1434 699 1491 immunem
719 1457 778 1490 >›.
808 1433 949 1502 Quia
978 1451 1111 1508 ergo
1141 1434 1415 1492 nativitas
1441 1435 1655 1492 Mariae
1684 1434 1802 1493 tam
1825 1436 1995 1509 longe

395 1531 506 1589 fuit
544 1531 618 1589 ab
656 1532 768 1590 isto
807 1549 928 1601 vae,
970 1533 1095 1609 ideo
1136 1533 1335 1592 merito
1376 1534 1425 1591 ei
1452 1532 1663 1591 dictum
1705 1533 1818 1591 est:
1849 1533 1994 1592 Ave.

554 1630 722 1700 Item,
764 1647 866 1689 vae
908 1633 1166 1689 miseriae
1195 1632 1564 1705 parientium
1594 1631 1683 1689 est
1710 1632 1851 1689 illud
1878 1633 1995 1690 ori-

394 1729 618 1803 qinalis
677 1729 1098 1789 maledictionis
1159 1747 1280 1800 vae,
1322 1729 1391 1789 de
1415 1743 1429 1755 ·
1451 1747 1562 1803 quo
1629 1730 1840 1789 dictum
1902 1732 1995 1789 est

393 1828 546 1887 Evae
571 1827 693 1903 (2):‘
737 1828 818 1887 In
857 1823 1055 1886 dolore
1113 1830 1312 1900 paries
1373 1829 1548 1899 filios.
1605 1829 1688 1888 De
1742 1829 1847 1888 hoc
1888 1847 1995 1888 vae

396 1927 679 1999 plerisque
721 1927 1170 2001 praegnantibus
1232 1927 1336 1985 dici
1399 1927 1589 2000 potest
1648 1928 1996 2001 generaliter

394 2025 542 2098 quod
584 2026 858 2084 Dominus
918 2025 986 2083 (16
1049 2025 1384 2099 quibusdam
1428 2026 1877 2100 praegnantibus
1914 2026 1996 2083 di-

394 2124 474 2183 cit
535 2124 880 2197 specialiter,
947 2123 1227 2182 Matthaei
1296 2126 1565 2199 vigesimo
1632 2125 1837 2197 quarto
1860 2124 1993 2199 (3):

411 2221 529 2282 Vae
590 2224 786 2280 antem
841 2222 1317 2296 praeynantibus
1374 2215 1440 2279 et¹
1482 2223 1876 2281 nutrientibus
1926 2224 1997 2281 in

394 2319 523 2378 illis
564 2319 802 2379 diebus!
845 2320 891 2379 Ο
932 2337 1099 2393 quam
1143 2321 1411 2378 immunis
1451 2320 1523 2377 ab
1583 2320 1695 2379 isto
1738 2337 1840 2379 vae
1882 2320 1997 2379 fuit

395 2435 718 2492 praegnans
745 2419 802 2477 et
831 2420 1058 2492 pariens
1084 2419 1284 2477 uterus
1304 2419 1535 2489 Mariae,
1557 2418 1882 2493 Augustino
1901 2419 1994 2495 (4)

525 2606 568 2665 1)
604 2605 758 2666 Epist.
793 2604 879 2652 cit.
916 2620 965 2652 n.
1001 2605 1049 2651 5.

517 2687 568 2748 2)
603 2687 719 2734 Gen.
757 2687 803 2744 3,
841 2686 915 2733 16.
1655 2686 1703 2746 3)
1739 2686 1875 2733 Vers.
1916 2686 1993 2733 19.

516 2767 567 2828 4)
605 2766 768 2814 Potius
800 2767 962 2813 homil.
999 2766 1044 2813 3.
1080 2767 1137 2813 de
1170 2766 1333 2813 Nativ.
1369 2767 1425 2812 B.
1462 2767 1525 2813 M.
1562 2766 1618 2813 V.
1658 2766 1772 2825 (int.
1808 2780 1883 2826 op.
1911 2766 1994 2813 Al-

393 2847 539 2908 cuini)
564 2850 672 2907 post
693 2847 900 2895 initium.
927 2847 1024 2895 Cfr.
1050 2847 1195 2894 etiam
1217 2861 1355 2895 serm.
1384 2849 1428 2895 7.
1454 2846 1504 2894 in
1527 2848 1741 2897 Assumt,
1762 2848 1817 2894 B.
1846 2848 1910 2895 M.
1932 2848 1992 2894 V.

398 2928 509 2987 (int.
545 2942 620 2987 op.
654 2928 939 2989 Ildephonsi)
975 2928 1100 2976 circa
1135 2928 1349 2975 medium.
