<?xml version="1.0" encoding="UTF-8"?>
<!DOCTYPE html PUBLIC "-//W3C//DTD XHTML 1.0 Transitional//EN"
    "http://www.w3.org/TR/xhtml1/DTD/xhtml1-transitional.dtd">
<html xmlns="http://www.w3.org/1999/xhtml" xml:lang="en" lang="en">
 <head>
  <title>
</title>
<meta http-equiv="Content-Type" content="text/html;charset=utf-8" />
  <meta name='ocr-system' content='tesseract 3.04.00' />
  <meta name='ocr-capabilities' content='ocr_page ocr_carea ocr_par ocr_line ocrx_word'/>
</head>
<body>
  <div class='ocr_page' id='page_1' title='image "./speculumbeataem00brungoog_0263.png"; bbox 0 0 2237 3481; ppageno 0'>
   <div class='ocr_carea' id='block_1_1' title="bbox 853 261 1837 320">
    <p class='ocr_par' dir='ltr' id='par_1_1' title="bbox 853 261 1837 320">
     <span class='ocr_line' id='line_1_1' title="bbox 853 261 1837 320; baseline -0.001 -2"><span class='ocrx_word' id='word_1_1' title='bbox 853 276 1052 319; x_wconf 73' lang='lat' dir='ltr'><strong>Lao&#39;rlo</strong></span> <span class='ocrx_word' id='word_1_2' title='bbox 1095 277 1211 320; x_wconf 75' lang='lat' dir='ltr'><strong>xw.</strong></span> <span class='ocrx_word' id='word_1_3' title='bbox 1717 261 1837 319; x_wconf 84' lang='lat'><strong>229</strong></span> 
     </span>
    </p>
   </div>
   <div class='ocr_carea' id='block_1_2' title="bbox 225 448 1840 2609">
    <p class='ocr_par' dir='ltr' id='par_1_2' title="bbox 225 448 1840 2609">
     <span class='ocr_line' id='line_1_2' title="bbox 230 448 1836 550; baseline 0.002 -26"><span class='ocrx_word' id='word_1_4' title='bbox 230 469 492 525; x_wconf 84' lang='lat' dir='ltr'><strong>sissimus</strong></span> <span class='ocrx_word' id='word_1_5' title='bbox 533 467 682 525; x_wconf 84' lang='lat' dir='ltr'><strong>certe</strong></span> <span class='ocrx_word' id='word_1_6' title='bbox 724 468 829 536; x_wconf 89' lang='lat' dir='ltr'><strong>est,</strong></span> <span class='ocrx_word' id='word_1_7' title='bbox 872 470 1003 540; x_wconf 89' lang='lat' dir='ltr'><strong>quia</strong></span> <span class='ocrx_word' id='word_1_8' title='bbox 1065 448 1335 527; x_wconf 80' lang='lat' dir='ltr'><strong>deutero</strong></span> <span class='ocrx_word' id='word_1_9' title='bbox 1384 469 1711 550; x_wconf 75' lang='lat' dir='ltr'><strong>paternali,</strong></span> <span class='ocrx_word' id='word_1_10' title='bbox 1770 469 1836 527; x_wconf 89' lang='lat' dir='ltr'><strong>de</strong></span> 
     </span>
     <span class='ocr_line' id='line_1_3' title="bbox 231 557 1834 638; baseline 0.001 -15"><span class='ocrx_word' id='word_1_11' title='bbox 231 566 411 634; x_wconf 90' lang='lat' dir='ltr'><strong>utero,</strong></span> <span class='ocrx_word' id='word_1_12' title='bbox 454 568 702 638; x_wconf 87' lang='lat' dir='ltr'><strong>inquam,</strong></span> <span class='ocrx_word' id='word_1_13' title='bbox 732 566 926 623; x_wconf 87' lang='lat' dir='ltr'><strong>Patris</strong></span> <span class='ocrx_word' id='word_1_14' title='bbox 955 569 1170 625; x_wconf 87' lang='lat' dir='ltr'><strong>aeterni</strong></span> <span class='ocrx_word' id='word_1_15' title='bbox 1201 567 1306 625; x_wconf 84' lang='lat' dir='ltr'><strong>est.</strong></span> <span class='ocrx_word' id='word_1_16' title='bbox 1348 567 1501 634; x_wconf 87' lang='lat' dir='ltr'>Dico,</span> <span class='ocrx_word' id='word_1_17' title='bbox 1540 557 1834 636; x_wconf 80' lang='lat' dir='ltr'><strong>carissimi,</strong></span> 
     </span>
     <span class='ocr_line' id='line_1_4' title="bbox 228 664 1837 738; baseline 0.002 -18"><span class='ocrx_word' id='word_1_18' title='bbox 228 664 378 737; x_wconf 88' lang='lat' dir='ltr'><strong>quod</strong></span> <span class='ocrx_word' id='word_1_19' title='bbox 418 681 727 737; x_wconf 82' lang='lat' dir='ltr'><strong>generosus</strong></span> <span class='ocrx_word' id='word_1_20' title='bbox 768 666 858 722; x_wconf 88' lang='lat' dir='ltr'><strong>est</strong></span> <span class='ocrx_word' id='word_1_21' title='bbox 913 665 1138 723; x_wconf 82' lang='lat' dir='ltr'><strong>fructus</strong></span> <span class='ocrx_word' id='word_1_22' title='bbox 1192 666 1318 735; x_wconf 87' lang='lat' dir='ltr'><strong>iste,</strong></span> <span class='ocrx_word' id='word_1_23' title='bbox 1376 667 1509 738; x_wconf 87' lang='lat' dir='ltr'><strong>quia</strong></span> <span class='ocrx_word' id='word_1_24' title='bbox 1558 667 1624 723; x_wconf 88' lang='lat' dir='ltr'><strong>de</strong></span> <span class='ocrx_word' id='word_1_25' title='bbox 1676 667 1837 724; x_wconf 89' lang='lat' dir='ltr'><strong>utero</strong></span> 
     </span>
     <span class='ocr_line' id='line_1_5' title="bbox 230 762 1835 838; baseline 0.001 -19"><span class='ocrx_word' id='word_1_26' title='bbox 230 762 439 835; x_wconf 70' lang='lat' dir='ltr'><strong>reyali‚</strong></span> <span class='ocrx_word' id='word_1_27' title='bbox 501 762 566 820; x_wconf 90' lang='lat' dir='ltr'><strong>de</strong></span> <span class='ocrx_word' id='word_1_28' title='bbox 622 763 801 830; x_wconf 85' lang='lat' dir='ltr'><strong>utero,</strong></span> <span class='ocrx_word' id='word_1_29' title='bbox 855 765 1102 836; x_wconf 90' lang='lat' dir='ltr'><strong>inquam,</strong></span> <span class='ocrx_word' id='word_1_30' title='bbox 1160 765 1311 838; x_wconf 88' lang='lat' dir='ltr'><strong>regis</strong></span> <span class='ocrx_word' id='word_1_31' title='bbox 1367 765 1550 823; x_wconf 88' lang='lat' dir='ltr'><strong>David</strong></span> <span class='ocrx_word' id='word_1_32' title='bbox 1608 765 1835 838; x_wconf 86' lang='lat' dir='ltr'><strong>prodiit,</strong></span> 
     </span>
     <span class='ocr_line' id='line_1_6' title="bbox 231 861 1834 938; baseline 0.002 -21"><span class='ocrx_word' id='word_1_33' title='bbox 231 861 380 918; x_wconf 82' lang='lat' dir='ltr'><strong>siout</strong></span> <span class='ocrx_word' id='word_1_34' title='bbox 401 861 506 918; x_wconf 88' lang='lat' dir='ltr'><strong>sibi</strong></span> <span class='ocrx_word' id='word_1_35' title='bbox 531 861 806 919; x_wconf 87' lang='lat' dir='ltr'><strong>Dominus</strong></span> <span class='ocrx_word' id='word_1_36' title='bbox 828 863 1168 934; x_wconf 72' lang='lat' dir='ltr'><strong>promiserat</strong></span> <span class='ocrx_word' id='word_1_37' title='bbox 1182 863 1370 920; x_wconf 84' lang='lat' dir='ltr'><strong>dicens</strong></span> <span class='ocrx_word' id='word_1_38' title='bbox 1391 864 1449 920; x_wconf 88' lang='lat' dir='ltr'><strong>in</strong></span> <span class='ocrx_word' id='word_1_39' title='bbox 1465 863 1695 923; x_wconf 85' lang='lat' dir='ltr'><strong>Psalmo</strong></span> <span class='ocrx_word' id='word_1_40' title='bbox 1713 862 1802 938; x_wconf 89' lang='lat'><strong>(1)</strong></span> <span class='ocrx_word' id='word_1_41' title='bbox 1821 885 1834 920; x_wconf 92' lang='lat'><strong>:</strong></span> 
     </span>
     <span class='ocr_line' id='line_1_7' title="bbox 229 957 1835 1033; baseline 0.002 -18"><span class='ocrx_word' id='word_1_42' title='bbox 229 959 325 1016; x_wconf 91' lang='lat' dir='ltr'><strong>De</strong></span> <span class='ocrx_word' id='word_1_43' title='bbox 362 957 565 1028; x_wconf 77' lang='lat' dir='ltr'><strong>fructu</strong></span> <span class='ocrx_word' id='word_1_44' title='bbox 606 960 818 1018; x_wconf 81' lang='lat' dir='ltr'><strong>ventris</strong></span> <span class='ocrx_word' id='word_1_45' title='bbox 849 961 937 1018; x_wconf 82' lang='lat' dir='ltr'><strong>tui</strong></span> <span class='ocrx_word' id='word_1_46' title='bbox 968 977 1197 1032; x_wconf 72' lang='lat' dir='ltr'><strong>ponam</strong></span> <span class='ocrx_word' id='word_1_47' title='bbox 1223 978 1399 1033; x_wconf 77' lang='lat' dir='ltr'><strong>super</strong></span> <span class='ocrx_word' id='word_1_48' title='bbox 1426 961 1613 1019; x_wconf 84' lang='lat' dir='ltr'><strong>sedem</strong></span> <span class='ocrx_word' id='word_1_49' title='bbox 1656 964 1835 1019; x_wconf 81' lang='lat' dir='ltr'><strong>tuam.</strong></span> 
     </span>
     <span class='ocr_line' id='line_1_8' title="bbox 229 1057 1837 1133; baseline 0.002 -19"><span class='ocrx_word' id='word_1_50' title='bbox 229 1057 352 1116; x_wconf 87' lang='lat' dir='ltr'><strong>Hoc</strong></span> <span class='ocrx_word' id='word_1_51' title='bbox 393 1058 582 1115; x_wconf 87' lang='lat' dir='ltr'><strong>autem</strong></span> <span class='ocrx_word' id='word_1_52' title='bbox 647 1060 984 1131; x_wconf 85' lang='lat' dir='ltr'><strong>promissum</strong></span> <span class='ocrx_word' id='word_1_53' title='bbox 1043 1060 1356 1132; x_wconf 78' lang='lat' dir='ltr'><strong>Apostolus</strong></span> <span class='ocrx_word' id='word_1_54' title='bbox 1413 1061 1710 1133; x_wconf 85' lang='lat' dir='ltr'><strong>impletum</strong></span> <span class='ocrx_word' id='word_1_55' title='bbox 1761 1062 1837 1118; x_wconf 87' lang='lat' dir='ltr'><strong>te-</strong></span> 
     </span>
     <span class='ocr_line' id='line_1_9' title="bbox 229 1156 1840 1234; baseline 0.002 -21"><span class='ocrx_word' id='word_1_56' title='bbox 229 1156 422 1214; x_wconf 88' lang='lat' dir='ltr'><strong>statur</strong></span> <span class='ocrx_word' id='word_1_57' title='bbox 485 1156 672 1214; x_wconf 82' lang='lat' dir='ltr'><strong>dicens</strong></span> <span class='ocrx_word' id='word_1_58' title='bbox 726 1158 797 1215; x_wconf 87' lang='lat' dir='ltr'><strong>ad</strong></span> <span class='ocrx_word' id='word_1_59' title='bbox 853 1158 1135 1217; x_wconf 87' lang='lat' dir='ltr'><strong>Romanos</strong></span> <span class='ocrx_word' id='word_1_60' title='bbox 1191 1160 1371 1231; x_wconf 91' lang='lat' dir='ltr'><strong>primo</strong></span> <span class='ocrx_word' id='word_1_61' title='bbox 1402 1159 1522 1234; x_wconf 84' lang='lat'>(2):</span> <span class='ocrx_word' id='word_1_62' title='bbox 1590 1160 1705 1234; x_wconf 75' lang='lat' dir='ltr'><strong>Qui</strong></span> <span class='ocrx_word' id='word_1_63' title='bbox 1743 1157 1840 1228; x_wconf 82' lang='lat' dir='ltr'><strong>fa-</strong></span> 
     </span>
     <span class='ocr_line' id='line_1_10' title="bbox 227 1256 1835 1315; baseline 0.001 -3"><span class='ocrx_word' id='word_1_64' title='bbox 227 1256 358 1312; x_wconf 79' lang='lat' dir='ltr'><strong>ctus</strong></span> <span class='ocrx_word' id='word_1_65' title='bbox 397 1257 574 1313; x_wconf 82' lang='lat' dir='ltr'><strong>estex</strong></span> <span class='ocrx_word' id='word_1_66' title='bbox 613 1256 826 1313; x_wconf 76' lang='lat' dir='ltr'><strong>semine</strong></span> <span class='ocrx_word' id='word_1_67' title='bbox 866 1256 1070 1314; x_wconf 84' lang='lat' dir='ltr'><strong>David</strong></span> <span class='ocrx_word' id='word_1_68' title='bbox 1107 1256 1423 1314; x_wconf 74' lang='lat' dir='ltr'><strong>secundum</strong></span> <span class='ocrx_word' id='word_1_69' title='bbox 1464 1273 1713 1315; x_wconf 77' lang='lat' dir='ltr'><strong>earnem.</strong></span> <span class='ocrx_word' id='word_1_70' title='bbox 1757 1257 1835 1314; x_wconf 86' lang='lat' dir='ltr'><strong>Et</strong></span> 
     </span>
     <span class='ocr_line' id='line_1_11' title="bbox 227 1353 1834 1427; baseline 0.001 -17"><span class='ocrx_word' id='word_1_71' title='bbox 227 1353 381 1410; x_wconf 86' lang='lat' dir='ltr'><strong>certe</strong></span> <span class='ocrx_word' id='word_1_72' title='bbox 436 1353 656 1411; x_wconf 81' lang='lat' dir='ltr'><strong>fructus</strong></span> <span class='ocrx_word' id='word_1_73' title='bbox 696 1354 805 1411; x_wconf 86' lang='lat' dir='ltr'><strong>iste</strong></span> <span class='ocrx_word' id='word_1_74' title='bbox 845 1371 1153 1427; x_wconf 84' lang='lat' dir='ltr'><strong>generosus</strong></span> <span class='ocrx_word' id='word_1_75' title='bbox 1196 1355 1253 1412; x_wconf 91' lang='lat' dir='ltr'><strong>et</strong></span> <span class='ocrx_word' id='word_1_76' title='bbox 1315 1354 1518 1412; x_wconf 88' lang='lat' dir='ltr'><strong>nobilis</strong></span> <span class='ocrx_word' id='word_1_77' title='bbox 1581 1355 1669 1413; x_wconf 87' lang='lat' dir='ltr'><strong>est</strong></span> <span class='ocrx_word' id='word_1_78' title='bbox 1724 1372 1834 1415; x_wconf 90' lang='lat' dir='ltr'><strong>non</strong></span> 
     </span>
     <span class='ocr_line' id='line_1_12' title="bbox 227 1451 1837 1526; baseline 0.001 -18"><span class='ocrx_word' id='word_1_79' title='bbox 227 1452 412 1509; x_wconf 90' lang='lat' dir='ltr'><strong>solum</strong></span> <span class='ocrx_word' id='word_1_80' title='bbox 457 1451 689 1524; x_wconf 88' lang='lat' dir='ltr'><strong>propter</strong></span> <span class='ocrx_word' id='word_1_81' title='bbox 733 1469 918 1526; x_wconf 88' lang='lat' dir='ltr'><strong>regem</strong></span> <span class='ocrx_word' id='word_1_82' title='bbox 965 1452 1167 1521; x_wconf 85' lang='lat' dir='ltr'><strong>David,</strong></span> <span class='ocrx_word' id='word_1_83' title='bbox 1226 1453 1322 1510; x_wconf 85' lang='lat' dir='ltr'><strong>sed</strong></span> <span class='ocrx_word' id='word_1_84' title='bbox 1376 1454 1545 1511; x_wconf 88' lang='lat' dir='ltr'><strong>etiam</strong></span> <span class='ocrx_word' id='word_1_85' title='bbox 1605 1454 1837 1526; x_wconf 89' lang='lat' dir='ltr'><strong>propter</strong></span> 
     </span>
     <span class='ocr_line' id='line_1_13' title="bbox 227 1551 1837 1624; baseline 0.002 -18"><span class='ocrx_word' id='word_1_86' title='bbox 227 1566 423 1607; x_wconf 90' lang='lat' dir='ltr'><strong>omnes</strong></span> <span class='ocrx_word' id='word_1_87' title='bbox 463 1551 592 1608; x_wconf 90' lang='lat' dir='ltr'><strong>illos</strong></span> <span class='ocrx_word' id='word_1_88' title='bbox 634 1568 795 1623; x_wconf 88' lang='lat' dir='ltr'><strong>reges</strong></span> <span class='ocrx_word' id='word_1_89' title='bbox 835 1551 1225 1624; x_wconf 80' lang='lat' dir='ltr'><strong>progenitores</strong></span> <span class='ocrx_word' id='word_1_90' title='bbox 1267 1568 1417 1620; x_wconf 80' lang='lat' dir='ltr'><strong>suOS,</strong></span> <span class='ocrx_word' id='word_1_91' title='bbox 1462 1567 1561 1623; x_wconf 90' lang='lat' dir='ltr'><strong>per</strong></span> <span class='ocrx_word' id='word_1_92' title='bbox 1589 1568 1729 1624; x_wconf 86' lang='lat' dir='ltr'><strong>quos</strong></span> <span class='ocrx_word' id='word_1_93' title='bbox 1759 1568 1837 1609; x_wconf 86' lang='lat' dir='ltr'><strong>se-</strong></span> 
     </span>
     <span class='ocr_line' id='line_1_14' title="bbox 225 1647 1833 1723; baseline 0.001 -19"><span class='ocrx_word' id='word_1_94' title='bbox 225 1647 471 1705; x_wconf 84' lang='lat' dir='ltr'><strong>cundum</strong></span> <span class='ocrx_word' id='word_1_95' title='bbox 512 1649 901 1721; x_wconf 81' lang='lat' dir='ltr'><strong>genealogiam</strong></span> <span class='ocrx_word' id='word_1_96' title='bbox 943 1666 977 1706; x_wconf 92' lang='lat' dir='ltr'><strong>a</strong></span> <span class='ocrx_word' id='word_1_97' title='bbox 1028 1649 1319 1707; x_wconf 86' lang='lat' dir='ltr'><strong>Matthaeo</strong></span> <span class='ocrx_word' id='word_1_98' title='bbox 1350 1648 1439 1723; x_wconf 90' lang='lat'><strong>(3)</strong></span> <span class='ocrx_word' id='word_1_99' title='bbox 1495 1649 1833 1722; x_wconf 80' lang='lat' dir='ltr'><strong>descriptam</strong></span> 
     </span>
     <span class='ocr_line' id='line_1_15' title="bbox 228 1746 1836 1820; baseline 0.002 -17"><span class='ocrx_word' id='word_1_100' title='bbox 228 1746 583 1820; x_wconf 86' lang='lat' dir='ltr'><strong>propagatus</strong></span> <span class='ocrx_word' id='word_1_101' title='bbox 646 1749 702 1805; x_wconf 90' lang='lat' dir='ltr'><strong>in</strong></span> <span class='ocrx_word' id='word_1_102' title='bbox 767 1749 1035 1806; x_wconf 88' lang='lat' dir='ltr'><strong>mundum</strong></span> <span class='ocrx_word' id='word_1_103' title='bbox 1094 1749 1267 1817; x_wconf 85' lang='lat' dir='ltr'><strong>venit,</strong></span> <span class='ocrx_word' id='word_1_104' title='bbox 1325 1748 1484 1805; x_wconf 85' lang='lat' dir='ltr'><strong>iuxta</strong></span> <span class='ocrx_word' id='word_1_105' title='bbox 1543 1749 1686 1806; x_wconf 89' lang='lat' dir='ltr'><strong>illud</strong></span> <span class='ocrx_word' id='word_1_106' title='bbox 1744 1750 1836 1806; x_wconf 89' lang='lat' dir='ltr'><strong>Sa-</strong></span> 
     </span>
     <span class='ocr_line' id='line_1_16' title="bbox 229 1844 1837 1921; baseline 0.003 -21"><span class='ocrx_word' id='word_1_107' title='bbox 229 1845 476 1917; x_wconf 76' lang='lat' dir='ltr'><strong>pientiae</strong></span> <span class='ocrx_word' id='word_1_108' title='bbox 517 1845 726 1905; x_wconf 85' lang='lat' dir='ltr'><strong>decimo</strong></span> <span class='ocrx_word' id='word_1_109' title='bbox 769 1847 966 1905; x_wconf 86' lang='lat' dir='ltr'><strong>octavo</strong></span> <span class='ocrx_word' id='word_1_110' title='bbox 997 1846 1121 1921; x_wconf 89' lang='lat'><strong>(4):</strong></span> <span class='ocrx_word' id='word_1_111' title='bbox 1165 1844 1224 1905; x_wconf 79' lang='lat' dir='ltr'><strong><em>A</em></strong></span> <span class='ocrx_word' id='word_1_112' title='bbox 1267 1845 1567 1919; x_wconf 71' lang='lat' dir='ltr'><strong>reqalibus</strong></span> <span class='ocrx_word' id='word_1_113' title='bbox 1607 1847 1837 1906; x_wconf 80' lang='lat' dir='ltr'><strong>sedibus</strong></span> 
     </span>
     <span class='ocr_line' id='line_1_17' title="bbox 226 1944 1839 2019; baseline 0.001 -18"><span class='ocrx_word' id='word_1_114' title='bbox 226 1944 401 2001; x_wconf 74' lang='lat' dir='ltr'><strong>venit.</strong></span> <span class='ocrx_word' id='word_1_115' title='bbox 443 1977 522 1986; x_wconf 92' lang='lat'><strong>—-</strong></span> <span class='ocrx_word' id='word_1_116' title='bbox 553 1945 721 2014; x_wconf 87' lang='lat' dir='ltr'><strong>Item,</strong></span> <span class='ocrx_word' id='word_1_117' title='bbox 762 1947 1057 2015; x_wconf 88' lang='lat' dir='ltr'><strong>carissimi,</strong></span> <span class='ocrx_word' id='word_1_118' title='bbox 1087 1945 1307 2003; x_wconf 84' lang='lat' dir='ltr'><strong>fructus</strong></span> <span class='ocrx_word' id='word_1_119' title='bbox 1347 1945 1475 2014; x_wconf 85' lang='lat' dir='ltr'><strong>iste,</strong></span> <span class='ocrx_word' id='word_1_120' title='bbox 1516 1945 1650 2003; x_wconf 87' lang='lat' dir='ltr'><strong>licet</strong></span> <span class='ocrx_word' id='word_1_121' title='bbox 1675 1962 1839 2019; x_wconf 88' lang='lat' dir='ltr'><strong>gene-</strong></span> 
     </span>
     <span class='ocr_line' id='line_1_18' title="bbox 229 2044 1837 2118; baseline 0.001 -18"><span class='ocrx_word' id='word_1_122' title='bbox 229 2060 395 2101; x_wconf 89' lang='lat' dir='ltr'><strong>rosus</strong></span> <span class='ocrx_word' id='word_1_123' title='bbox 457 2044 534 2101; x_wconf 86' lang='lat' dir='ltr'><strong>sit</strong></span> <span class='ocrx_word' id='word_1_124' title='bbox 596 2045 829 2117; x_wconf 90' lang='lat' dir='ltr'><strong>propter</strong></span> <span class='ocrx_word' id='word_1_125' title='bbox 891 2045 1114 2103; x_wconf 88' lang='lat' dir='ltr'><strong>uterum</strong></span> <span class='ocrx_word' id='word_1_126' title='bbox 1180 2045 1445 2118; x_wconf 88' lang='lat' dir='ltr'><strong>regalem,</strong></span> <span class='ocrx_word' id='word_1_127' title='bbox 1514 2046 1837 2117; x_wconf 89' lang='lat' dir='ltr'><strong>generosior</strong></span> 
     </span>
     <span class='ocr_line' id='line_1_19' title="bbox 227 2141 1835 2216; baseline 0.002 -19"><span class='ocrx_word' id='word_1_128' title='bbox 227 2141 419 2199; x_wconf 89' lang='lat' dir='ltr'><strong>tamen</strong></span> <span class='ocrx_word' id='word_1_129' title='bbox 463 2142 552 2200; x_wconf 89' lang='lat' dir='ltr'><strong>est</strong></span> <span class='ocrx_word' id='word_1_130' title='bbox 602 2142 835 2216; x_wconf 88' lang='lat' dir='ltr'><strong>propter</strong></span> <span class='ocrx_word' id='word_1_131' title='bbox 896 2144 1122 2201; x_wconf 91' lang='lat' dir='ltr'><strong>uterum</strong></span> <span class='ocrx_word' id='word_1_132' title='bbox 1184 2142 1548 2216; x_wconf 63' lang='lat' dir='ltr'><strong>viminalem,</strong></span> <span class='ocrx_word' id='word_1_133' title='bbox 1605 2142 1671 2200; x_wconf 90' lang='lat' dir='ltr'><strong>de</strong></span> <span class='ocrx_word' id='word_1_134' title='bbox 1727 2159 1835 2215; x_wconf 89' lang='lat' dir='ltr'><strong>quo</strong></span> 
     </span>
     <span class='ocr_line' id='line_1_20' title="bbox 228 2239 1833 2315; baseline 0.001 -18"><span class='ocrx_word' id='word_1_135' title='bbox 228 2239 469 2298; x_wconf 84' lang='lat' dir='ltr'><strong>dieitur:</strong></span> <span class='ocrx_word' id='word_1_136' title='bbox 513 2241 866 2300; x_wconf 73' lang='lat' dir='ltr'><strong>Benedictus</strong></span> <span class='ocrx_word' id='word_1_137' title='bbox 906 2239 1140 2310; x_wconf 77' lang='lat' dir='ltr'><strong>fructus</strong></span> <span class='ocrx_word' id='word_1_138' title='bbox 1193 2241 1409 2299; x_wconf 78' lang='lat' dir='ltr'><strong>ventris</strong></span> <span class='ocrx_word' id='word_1_139' title='bbox 1452 2242 1557 2315; x_wconf 75' lang='lat' dir='ltr'><strong>tui,</strong></span> <span class='ocrx_word' id='word_1_140' title='bbox 1615 2241 1833 2299; x_wconf 85' lang='lat' dir='ltr'><strong>ventris</strong></span> 
     </span>
     <span class='ocr_line' id='line_1_21' title="bbox 229 2323 1834 2413; baseline 0 -18"><span class='ocrx_word' id='word_1_141' title='bbox 229 2338 445 2411; x_wconf 88' lang='lat' dir='ltr'><strong>utique,</strong></span> <span class='ocrx_word' id='word_1_142' title='bbox 487 2340 602 2412; x_wconf 86' lang='lat' dir='ltr'><strong>qui,</strong></span> <span class='ocrx_word' id='word_1_143' title='bbox 647 2323 948 2398; x_wconf 83' lang='lat' dir='ltr'><strong>secundum</strong></span> <span class='ocrx_word' id='word_1_144' title='bbox 993 2339 1139 2412; x_wconf 88' lang='lat' dir='ltr'><strong>quod</strong></span> <span class='ocrx_word' id='word_1_145' title='bbox 1195 2341 1252 2397; x_wconf 91' lang='lat' dir='ltr'><strong>in</strong></span> <span class='ocrx_word' id='word_1_146' title='bbox 1303 2341 1471 2413; x_wconf 82' lang='lat' dir='ltr'><strong>virga</strong></span> <span class='ocrx_word' id='word_1_147' title='bbox 1519 2339 1713 2398; x_wconf 87' lang='lat' dir='ltr'><strong>Aaron</strong></span> <span class='ocrx_word' id='word_1_148' title='bbox 1745 2339 1834 2413; x_wconf 87' lang='grc'><strong>(5)</strong></span> 
     </span>
     <span class='ocr_line' id='line_1_22' title="bbox 229 2437 1833 2512; baseline 0 -18"><span class='ocrx_word' id='word_1_149' title='bbox 229 2437 613 2510; x_wconf 86' lang='lat' dir='ltr'><strong>significatum</strong></span> <span class='ocrx_word' id='word_1_150' title='bbox 657 2438 786 2507; x_wconf 85' lang='lat' dir='ltr'><strong>fuit,</strong></span> <span class='ocrx_word' id='word_1_151' title='bbox 828 2439 1031 2509; x_wconf 85' lang='lat' dir='ltr'><strong>florem</strong></span> <span class='ocrx_word' id='word_1_152' title='bbox 1072 2438 1437 2512; x_wconf 72' lang='lat' dir='ltr'><strong>virqinitatis</strong></span> <span class='ocrx_word' id='word_1_153' title='bbox 1487 2439 1653 2495; x_wconf 87' lang='lat' dir='ltr'><strong>simul</strong></span> <span class='ocrx_word' id='word_1_154' title='bbox 1709 2456 1833 2495; x_wconf 85' lang='lat' dir='ltr'><strong>cum</strong></span> 
     </span>
     <span class='ocr_line' id='line_1_23' title="bbox 227 2535 1836 2609; baseline 0 -15"><span class='ocrx_word' id='word_1_155' title='bbox 227 2535 431 2606; x_wconf 74' lang='lat' dir='ltr'><strong>fructu</strong></span> <span class='ocrx_word' id='word_1_156' title='bbox 468 2535 848 2605; x_wconf 74' lang='lat' dir='ltr'><strong>fecunditatis</strong></span> <span class='ocrx_word' id='word_1_157' title='bbox 890 2538 1145 2596; x_wconf 88' lang='lat' dir='ltr'><strong>retinuit.</strong></span> <span class='ocrx_word' id='word_1_158' title='bbox 1203 2537 1446 2609; x_wconf 86' lang='lat' dir='ltr'><strong>Propter</strong></span> <span class='ocrx_word' id='word_1_159' title='bbox 1487 2537 1633 2609; x_wconf 89' lang='lat' dir='ltr'><strong>quod</strong></span> <span class='ocrx_word' id='word_1_160' title='bbox 1699 2537 1836 2594; x_wconf 87' lang='lat' dir='ltr'><strong>bene</strong></span> 
     </span>
    </p>
   </div>
   <div class='ocr_carea' id='block_1_3' title="bbox 230 2691 550 2699">
    <p class='ocr_par' dir='ltr' id='par_1_3' title="bbox 230 2691 550 2699">
     <span class='ocr_line' id='line_1_24' title="bbox 230 2691 550 2699; baseline 0 782"><span class='ocrx_word' id='word_1_161' title='bbox 230 2691 550 2699; x_wconf 95' lang='lat' dir='ltr'><strong> </strong></span> 
     </span>
    </p>
   </div>
   <div class='ocr_carea' id='block_1_4' title="bbox 355 2786 1832 3007">
    <p class='ocr_par' dir='ltr' id='par_1_4' title="bbox 355 2786 1832 3007">
     <span class='ocr_line' id='line_1_25' title="bbox 360 2786 1800 2846; baseline 0 -13"><span class='ocrx_word' id='word_1_162' title='bbox 360 2788 405 2846; x_wconf 91' lang='lat' dir='ltr'><strong>l)</strong></span> <span class='ocrx_word' id='word_1_163' title='bbox 441 2788 614 2833; x_wconf 83' lang='lat' dir='ltr'><strong>Psalm.</strong></span> <span class='ocrx_word' id='word_1_164' title='bbox 656 2787 762 2846; x_wconf 84' lang='lat'><strong>131,</strong></span> <span class='ocrx_word' id='word_1_165' title='bbox 802 2787 875 2833; x_wconf 94' lang='grc'><strong>11.</strong></span> <span class='ocrx_word' id='word_1_166' title='bbox 1105 2788 1109 2794; x_wconf 91' lang='grc'>’</span> <span class='ocrx_word' id='word_1_167' title='bbox 1496 2787 1545 2845; x_wconf 82' lang='grc'><strong>2)</strong></span> <span class='ocrx_word' id='word_1_168' title='bbox 1581 2787 1717 2833; x_wconf 86' lang='lat' dir='ltr'><strong>Vers.</strong></span> <span class='ocrx_word' id='word_1_169' title='bbox 1754 2786 1800 2833; x_wconf 83' lang='lat'><strong>3.</strong></span> 
     </span>
     <span class='ocr_line' id='line_1_26' title="bbox 357 2868 1832 2927; baseline -0.001 -12"><span class='ocrx_word' id='word_1_170' title='bbox 357 2868 405 2926; x_wconf 87' lang='lat'><strong>3)</strong></span> <span class='ocrx_word' id='word_1_171' title='bbox 443 2868 554 2927; x_wconf 86' lang='lat' dir='ltr'><strong>Cap.</strong></span> <span class='ocrx_word' id='word_1_172' title='bbox 595 2868 638 2925; x_wconf 90' lang='lat'><strong>1,</strong></span> <span class='ocrx_word' id='word_1_173' title='bbox 679 2868 721 2915; x_wconf 89' lang='lat'><strong>1.</strong></span> <span class='ocrx_word' id='word_1_174' title='bbox 757 2880 886 2926; x_wconf 88' lang='lat' dir='ltr'><strong>seqq.</strong></span> <span class='ocrx_word' id='word_1_175' title='bbox 1498 2868 1549 2927; x_wconf 88' lang='lat'><strong>4)</strong></span> <span class='ocrx_word' id='word_1_176' title='bbox 1584 2868 1717 2914; x_wconf 83' lang='lat' dir='ltr'><strong>Vers.</strong></span> <span class='ocrx_word' id='word_1_177' title='bbox 1758 2868 1832 2913; x_wconf 87' lang='grc'><strong>15.</strong></span> 
     </span>
     <span class='ocr_line' id='line_1_27' title="bbox 355 2949 781 3007; baseline 0.002 -13"><span class='ocrx_word' id='word_1_178' title='bbox 355 2950 406 3007; x_wconf 87' lang='lat'><strong>5)</strong></span> <span class='ocrx_word' id='word_1_179' title='bbox 441 2949 580 2994; x_wconf 88' lang='lat' dir='ltr'><strong>Num.</strong></span> <span class='ocrx_word' id='word_1_180' title='bbox 622 2949 699 3006; x_wconf 83' lang='lat'><strong>17,</strong></span> <span class='ocrx_word' id='word_1_181' title='bbox 735 2949 781 2995; x_wconf 89' lang='grc'><strong>8.</strong></span> 
     </span>
    </p>
   </div>
  </div>
 </body>
</html>
