2237 3481
906 253 1222 296 PRAEFATIO
1233 281 1245 294 .
1816 257 1890 299 XV

269 449 542 528 occupat
575 444 912 528 Speculum
949 450 1236 510 nostrum
1276 444 1336 509 B.
1363 445 1437 510 M.
1470 447 1535 512 V.
1564 447 1681 527 (1),
1716 445 1883 530 quod

269 549 492 636 quanti
541 549 749 618 medio
795 568 950 617 aevo
996 550 1397 618 aestimatum
1448 551 1547 631 sit,
1583 558 1716 619 tum
1767 571 1884 618 nu-

267 675 488 724 merus
545 656 833 724 codicum
883 693 966 706 —
1016 657 1183 724 circa
1239 660 1361 723 150
1410 695 1497 706 -—
1547 665 1677 724 tum
1728 677 1886 725 usus

267 762 570 848 frequens
632 763 833 848 ipsius
894 762 1060 848 apud
1132 763 1347 830 doctos
1414 771 1477 831 et
1547 765 1885 850 scriptores

267 870 558 937 ostendit.

452 977 513 1043 [n
552 978 633 1043 18
669 976 1041 1044 lectionibus
1073 983 1296 1043 auctor
1328 978 1512 1044 offert
1543 996 1620 1044 ex
1632 978 1884 1063 positio-

268 1102 413 1152 nem
437 1084 605 1169 piam
640 1092 703 1151 et
726 1084 1111 1170 ingeniosam
1146 1084 1538 1151 salutationis
1570 1085 1883 1169 angelicae

266 1192 518 1278 plenam
581 1191 880 1259 unctione
944 1198 1005 1257 et
1068 1190 1373 1272 doctrina,
1428 1209 1591 1276 quae
1646 1192 1882 1277 ubique

264 1297 481 1383 prodit
514 1304 769 1364 tenerae
801 1297 1152 1364 devotionis
1198 1296 1477 1364 animum
1528 1297 1588 1363 in
1638 1297 1879 1364 beatam

264 1403 614 1490 Virginem,
657 1420 822 1488 quae
869 1403 1149 1469 abundat
1197 1403 1410 1470 solidis
1456 1404 1883 1489 gravibusque

259 1510 594 1578 sententiis
625 1528 699 1577 ac
731 1510 999 1576 delectat
1031 1509 1255 1595 figuris
1280 1517 1341 1576 et
1367 1509 1881 1577 similitudinibus

259 1616 596 1702 multiplici
632 1634 704 1682 ac
735 1616 1007 1701 pulchra
1059 1615 1357 1682 varietate
1405 1615 1760 1700 propositis,
1797 1616 1881 1682 ita

261 1731 338 1791 ut
376 1750 408 1783 «
435 1723 541 1792 vix
562 1723 741 1791 alius
775 1722 1026 1791 libellus
1060 1722 1177 1789 bac
1208 1722 1285 1789 de
1319 1722 1580 1790 materia
1604 1728 1879 1790 tractans

391 1966 437 2024 1)
474 1964 724 2011 Habentur
741 1962 886 2011 etiam
904 1963 1002 2010 alia
1024 1963 1159 2010 illius
1173 1962 1400 2022 temporis
1418 1962 1614 2022 Specula
1634 1964 1689 2009 B.
1711 1963 1775 2010 Μ.
1798 1964 1874 2022 V.‚

257 2059 302 2093 e.
338 2059 416 2103 gr.
454 2043 700 2103 Speculum
734 2044 791 2090 Β.
825 2043 891 2090 M.
923 2044 980 2091 V.
1017 2042 1189 2090 fratris
1222 2042 1485 2102 Sybotonis
1516 2044 1617 2089 ord.
1649 2043 1875 2090 minorum

258 2125 363 2186 (qui
397 2124 494 2172 fuit
536 2123 755 2171 minister
799 2123 1064 2183 Austriae),
1100 2126 1223 2182 quod
1266 2123 1461 2182 incipit:
1505 2141 1528 2167 α
1550 2124 1664 2182 Ave,
1702 2124 1873 2183 Maria,

252 2205 421 2265 gratia
455 2206 614 2264 plena,
651 2203 901 2252 benedicta
941 2206 997 2251 tu
1039 2204 1089 2251 in
1132 2203 1424 2261 mulieribuS‚
1460 2204 1587 2250 dixit
1626 2205 1686 2250 ad
1720 2204 1873 2261 Virgi-

253 2300 364 2333 nem
388 2286 588 2343 angelus
611 2285 668 2332 de
690 2286 821 2332 caelo
843 2284 1156 2332 transmissus
1173 2302 1195 2328 ιο
1217 2300 1229 2340 ;
1256 2287 1306 2331 et
1339 2283 1539 2331 desinit:
1573 2302 1595 2328 α
1613 2286 1662 2331 et
1693 2284 1874 2332 fructus

251 2367 415 2413 vester
450 2366 644 2411 maneat
665 2378 747 2411 vos
774 2378 1013 2423 nunquam
1045 2364 1359 2412 aeternaliter
1392 2365 1643 2411 deserendo
1660 2381 1707 2411 ι».
1734 2364 1873 2411 Aliud

252 2459 369 2493 vero
402 2444 649 2504 Speculum
685 2446 741 2492 B.
779 2445 845 2492 M.
882 2445 939 2492 V.
976 2459 1256 2504 anonymum
1281 2446 1483 2492 habetur
1505 2445 1778 2504 Erlanyae,
1803 2443 1870 2491 bi-

253 2524 431 2572 blioth.
471 2524 702 2584 univers,
727 2525 860 2572 codd.
886 2525 996 2572 414.
1034 2526 1084 2572 et
1116 2526 1227 2583 571,
1263 2526 1384 2583 quod
1425 2524 1620 2584 incipit:
1664 2542 1686 2568 e
1709 2524 1870 2571 Absti-

250 2604 424 2652 nentia
468 2603 724 2664 multiplex
765 2604 860 2652 fuit
903 2592 960 2651 in'
996 2603 1273 2652 beatissima.
1307 2604 1460 2651 Maria
1483 2620 1539 2659 »ς
1575 2606 1625 2651 et
1665 2603 1866 2652 desinit:

259 2703 283 2728 ι
305 2683 507 2731 Domino
546 2683 597 2730 in
630 2698 765 2732 cruce
811 2683 1041 2731 moriente
1063 2701 1110 2731 ι.
1156 2710 1217 2718 -
1260 2683 1357 2731 cfr.
1402 2683 1545 2731 etiam
1591 2683 1734 2742 Hain,
1783 2685 1869 2731 Re-

248 2764 517 2824 pertorium
550 2764 994 2824 bibliographicum‚
1034 2779 1163 2812 num.
1193 2764 1330 2812 7349.
1370 2766 1465 2825 (est
1494 2764 1738 2823 Speculum
1772 2779 1866 2811 ser-

248 2859 440 2893 monum
474 2846 532 2892 Β.
569 2846 635 2892 Μ.
673 2844 889 2904 Virginis
922 2845 985 2892 fr.
1020 2846 1288 2892 fi'rancisci
1319 2846 1579 2893 Michaelis
1619 2846 1677 2891 de
1721 2846 1863 2892 Insu-

251 2926 319 2973 ιεε
352 2926 407 2972 0.
446 2925 544 2986 P.).
