2237 3481
859 291 1057 332 memo
1099 291 1161 332 11.
1742 274 1815 332 19

212 482 377 548 teste,
419 483 515 555 qui
558 482 673 540 ait:
727 505 757 534 «
784 481 832 540 O
874 500 1041 555 quam
1109 481 1274 540 beata
1331 482 1512 539 mater
1555 482 1669 539 ista
1711 481 1816 551 est,

211 597 352 654 quae
394 581 516 638 sine
557 581 1038 640 contaminatione
1079 580 1335 652 concepit
1376 580 1433 638 et
1477 581 1597 638 sine
1626 580 1817 639 dolore

211 679 433 752 peperit
473 679 805 738 medicinam
827 683 884 736 »1
929 679 1070 748 Quia
1100 696 1234 752 ergo
1263 680 1447 737 Maria
1491 679 1609 737 tam
1649 679 1818 752 longe

212 777 322 835 fuit
360 778 435 836 ab
475 778 586 837 isto
648 778 993 850 parientium
1056 794 1181 851 vae,
1233 778 1354 836 ideo
1398 777 1598 836 merito
1640 779 1690 835 ei
1738 778 1814 835 di-

214 877 367 934 ctum
410 876 524 934 est:
568 874 712 935 Ave.

367 974 536 1043 Item,
578 990 683 1032 vae
725 975 982 1032 miseriae
1022 975 1398 1032 morientium
1443 974 1532 1033 est
1583 991 1687 1032 vae
1727 975 1821 1032 in-

210 1072 613 1146 cinerationis,
654 1071 802 1145 quod
843 1073 1055 1131 homini
1111 1071 1387 1130 inflictum
1431 1072 1537 1141 est,
1595 1073 1818 1145 quando

211 1170 466 1243 peccanti
506 1169 718 1228 dictum
761 1170 850 1228 est
881 1168 1001 1245 (1):
1045 1170 1259 1228 Pulvis
1301 1186 1376 1243 σε,
1420 1173 1473 1227 et
1515 1171 1581 1228 in
1610 1170 1818 1242 pulve-

207 1284 330 1325 rem
389 1269 706 1326 reverteris.
769 1268 928 1326 Unde
990 1268 1108 1325 tam
1173 1268 1240 1325 de
1301 1284 1404 1325 vae
1459 1267 1817 1326 morientium

205 1378 375 1438 quam
438 1365 506 1423 de
570 1382 674 1424 vae
722 1366 1076 1424 nascentium
1135 1366 1273 1424 bene
1328 1365 1572 1439 intelligi
1628 1366 1819 1438 potest

204 1464 355 1539 quod
382 1464 589 1522 dicitur
616 1463 1001 1522 Ecclesiastici
1028 1465 1457 1540 quadragesimo
1488 1465 1669 1537 primo
1692 1465 1780 1539 (2)
1802 1487 1813 1521 :

217 1562 336 1621 Vae
375 1562 556 1634 vobis,
599 1563 716 1619 viri
776 1563 967 1636 impii,
1021 1564 1125 1634 qni
1186 1562 1578 1634 dereliquistis
1640 1563 1817 1635 leyem

202 1660 454 1718 Domini
516 1660 813 1719 altissimi.
859 1661 948 1718 Et
1000 1661 1054 1719 si
1101 1661 1234 1718 nati
1286 1658 1538 1732 fueriti-5,
1580 1661 1646 1717 in
1686 1678 1814 1718 ma-

201 1759 510 1818 ledictione
548 1760 870 1818 nascemini
880 1778 903 1831 ;
958 1762 1013 1816 et
1066 1760 1121 1817 si
1176 1760 1397 1816 mortui
1441 1757 1696 1830 fueritis,
1754 1760 1816 1816 in

198 1856 613 1916 maledictione
673 1857 787 1915 eric
843 1874 991 1929 pars
1051 1861 1261 1915 vestra.
1329 1857 1492 1914 Certe
1555 1856 1673 1914 tam
1737 1857 1815 1928 pii

199 1972 374 2027 quam
432 1955 592 2027 impii
642 1958 973 2013 nascuntur
1025 1956 1092 2013 in
1143 1954 1549 2013 maledictione
1604 1954 1815 2012 fomitis

198 2056 256 2111 et
294 2054 521 2112 mortui
560 2056 733 2112 erunt
772 2054 839 2111 in
877 2053 1283 2111 maledictione
1327 2055 1596 2126 pulveris,
1632 2053 1689 2111 et
1732 2053 1813 2110 ta·

197 2169 331 2209 men
361 2151 500 2210 solis
538 2152 728 2224 impiis
769 2169 872 2210 vae
914 2152 1211 2225 utriusque
1252 2152 1660 2210 maledictionis
1701 2168 1813 2209 non

195 2250 665 2309 inconvenienter
714 2250 806 2309 hic
861 2251 1195 2319 inculcatur,
1253 2267 1315 2308 eo
1357 2251 1503 2323 quod
1560 2251 1700 2322 ipsis
1756 2249 1814 2307 et

195 2348 380 2408 fomes
428 2347 821 2420 periculosior
876 2349 934 2406 et
988 2349 1319 2407 incineratio
1377 2349 1636 2407 odiosior
1692 2365 1812 2406 esse

192 2447 484 2505 videatur.
530 2447 782 2521 Denique
824 2448 1054 2505 iniustis
1110 2448 1337 2505 miseria
1391 2446 1603 2505 fomitis
1657 2447 1812 2504 noci-

189 2546 329 2605 vior
370 2544 430 2603 et
458 2546 726 2604 memoria
769 2546 1193 2604 incinerationis
1222 2546 1490 2602 amarior
1516 2545 1604 2603 est
1643 2562 1810 2617 quam

188 2645 384 2701 iustiS.
431 2642 478 2701 Ο
519 2660 688 2716 quam
730 2645 898 2718 longe
939 2644 1013 2702 ab
1075 2644 1185 2703 isto
1229 2643 1651 2702 incinerationis
1706 2659 1810 2700 vae

189 2742 327 2812 fuit,
371 2741 441 2799 ut
478 2742 777 2812 credimn8,
834 2743 1253 2800 sanctissimum
1317 2759 1521 2815 corpus
1564 2741 1808 2798 Mariae!

326 2955 372 3015 1)
410 2954 527 3002 Gen.
565 2954 610 3014 3,
652 2955 725 3002 19.
1331 2955 1381 3014 2)
1418 2956 1552 3002 vers·
1594 2955 1667 3001 11.
1704 2968 1802 3013 seq.
