2237 3481
855 292 1053 339 unca-10
1094 292 1175 341 ιν.
1743 273 1818 337 53

206 490 407 548 denter
452 489 783 563 perpendis;
825 489 891 547 de
934 507 1045 563 qua
1096 489 1344 549 Ioannes
1386 488 1822 563 chrysostomus

207 589 318 646 ait:
377 611 406 639 α
434 589 574 647 Vid'e
619 589 975 661 paupertatis
1016 589 1230 646 Mariae
1273 589 1736 662 magnitudinem,
1765 589 1824 647 et

207 689 541 761 quicumque
585 704 801 760 pauper
843 687 948 755 est,
992 688 1236 760 accipiat
1297 687 1732 746 consolationem
1763 711 1822 743 ».

209 787 553 859 Quicumque
594 786 745 844 certe
787 786 1021 859 propter
1086 787 1265 845 Deum
1328 803 1544 858 pauper
1583 787 1674 843 est
1735 803 1826 845 vo-

208 886 459 943 luntarie
500 885 558 941 et
599 867 858 953 lihenter,
904 885 990 942 vel
1022 885 1192 943 etiam
1236 886 1566 958 quicumque
1608 902 1825 957 pauper

209 984 298 1041 est
341 984 653 1041 necessarie
683 983 740 1041 et
772 984 1072 1056 patienter,
1117 984 1360 1040 multum
1388 983 1666 1041 consolari
1706 984 1827 1055 pot·

207 1082 297 1140 est
338 1081 405 1138 de
448 1098 696 1154 paupere
738 1082 919 1139 Maria
961 1083 1019 1139 et
1059 1082 1126 1139 de
1172 1098 1415 1153 paupere
1460 1081 1703 1139 Christo.
1735 1082 1825 1138 Ab

207 1181 322 1238 ista
364 1180 746 1239 consolatione
789 1180 963 1252 iniqui
1021 1180 1225 1237 divites
1280 1180 1447 1252 longe
1492 1179 1645 1245 sunt,
1694 1181 1826 1252 quia

206 1279 378 1351 louge
435 1278 605 1335 aliam
668 1278 983 1350 quaerunt3
1048 1277 1195 1335 unde
1257 1276 1440 1335 Lucae
1504 1277 1661 1337 sexto
1701 1276 1824 1351 (1)·:

219 1377 340 1436 Vae
380 1376 542 1434 vobis
598 1376 896 1448 divitibus,
939 1378 1043 1448 qut
1084 1376 1309 1434 habetis
1371 1376 1828 1435 consolationem

204 1476 502 1533 vestram!
544 1475 692 1534 Nolo
736 1476 944 1543 tamen,
975 1475 1273 1545 desperare
1302 1474 1525 1544 divites,
1554 1476 1685 1547 quia
1714 1490 1826 1532 non

205 1574 392 1632 solum
436 1590 715 1646 pauperes
759 1574 1035 1645 pastoreS,
1080 1572 1176 1629 sed
1218 1573 1387 1630 etiam
1418 1573 1623 1630 divites
1665 1588 1828 1645 reges

207 1687 520 1745 pauperem
562 1671 801 1728 Mariam
846 1671 904 1727 et
947 1688 1252 1743 pauperem
1310 1672 1515 1728 Filium
1572 1672 1691 1727 eins
1747 1671 1827 1727 in-

204 1770 506 1838 venerunt,
552 1771 699 1827 sicut
740 1770 945 1828 dicitur
986 1769 1266 1827 Matthaei
1308 1769 1547 1827 secundo
1580 1769 1700 1843 (2):
1742 1769 1827 1825 Et

205 1871 507 1927 intrantes
549 1867 783 1927 domum
824 1870 1171 1926 invenerunt
1211 1884 1465 1941 puerum
1505 1884 1637 1924 eum
1690 1866 1825 1923 Μα-

208 1969 331 2040 νία,
376 1970 565 2024 matre
605 1968 746 2026 etus.
790 1968 877 2025 Sic
919 1967 1000 2024 illi
1032 1967 1237 2024 divites
1280 1966 1432 2038 ipsos
1467 1964 1825 2032 invenerunt,

202 2067 306 2139 qui
349 2083 587 2124 munera
626 2066 969 2124 attulerunt.
1008 2065 1295 2136 Pauperes
1337 2082 1469 2137 ergo
1498 2064 1826 2124 consolatio-

203 2183 337 2223 nem
369 2163 540 2222 istam
569 2164 866 2222 inveniunt
896 2181 995 2235 per
1027 2162 1439 2235 paupertatem,
1463 2162 1665 2220 divites
1695 2178 1826 2220 vero
1869 2235 1872 2240 .

204 2281 309 2337 per
353 2263 777 2320 liberalitatem.
810 2263 954 2320 Dum
991 2278 1267 2334 pauperes
1297 2278 1394 2333 per
1412 2263 1826 2332 paupertatem

203 2361 442 2420 Christo
499 2360 943 2429 conformantur,
987 2360 1192 2417 divites
1251 2376 1350 2431 per
1415 2358 1825 2417 liberalitatem

203 2459 444 2520 Christo
484 2459 931 2517 conformantur.

372 2557 541 2615 Sexto
582 2557 725 2625 vide,
768 2558 1074 2625 carissime,
1120 2555 1266 2628 quod
1329 2556 1512 2612 Maria
1556 2559 1827 2626 tempera·

203 2656 450 2716 tissima
490 2654 600 2713 fuit
628 2671 742 2727 per
781 2655 1171 2713 sobrietatem.
1214 2654 1352 2725 Ipsa
1394 2654 1539 2711 enim
1598 2653 1687 2710 est
1728 2654 1828 2711 illa

200 2755 415 2823 Maria,
460 2754 550 2812 cui
609 2753 815 2812 dicitur
856 2753 1039 2810 Lucae
1081 2753 1263 2825 primo
1294 2751 1415 2826 (3):
1467 2751 1564 2809 Ne
1606 2751 1826 2824 timeas,

343 2969 388 3030 1)
427 2967 563 3015 νοτε.
596 2966 676 3014 24.
858 2966 909 3026 2)
946 2967 1080 3014 Vere.
1122 2965 1196 3014 11.
1358 2964 1406 3025 3)
1444 2965 1577 3010 νοτε.
1614 2963 1691 3010 30.
1728 2975 1825 3021 seq.
