2237 3481
856 294 1056 341 memo
1097 295 1161 343 11.
1742 276 1816 340 21

213 504 315 545 vae
358 487 594 560 propter
648 488 1059 561 longitudinem
1117 488 1549 547 tormentorum.
1592 488 1674 546 De
1730 488 1820 546 his

212 586 397 643 tribus
440 602 542 643 vae
601 586 707 644 diei
759 586 978 658 potest:
1036 587 1173 660 Vae,
1216 602 1338 659 vae,
1380 603 1483 644 vae
1545 586 1823 644 habitan-

212 684 367 740 tibus
409 684 475 741 in
517 687 695 743 terra.
740 683 978 741 —'Vae
1020 700 1156 756 ergo
1210 684 1499 757 gehennae
1561 685 1823 742 consistit

208 781 267 838 in
298 797 638 853 poenarum
681 782 1122 855 maynitudine;
1162 783 1228 840 de
1269 781 1374 840 hoc
1415 799 1517 839 vae
1558 782 1695 840 bene
1738 781 1824 839 di-

207 880 357 937 eitur
399 879 707 937 Ezechielis
736 882 1008 954 vigesimo
1037 880 1242 953 quarto
1274 879 1397 956 (1):
1455 880 1571 939 Vae
1597 880 1822 937 civitati

206 978 586 1051 εαηραὶηαηι,
631 979 798 1037 cuius
840 995 940 1052 eqo
984 978 1272 1052 yrandem
1311 977 1532 1048 faciam
1576 994 1819 1052 pyram.

215 1074 439 1134 Civitas
479 1077 843 1149 samyuinum
882 1077 971 1134 est
1011 1078 1265 1136 collectio
1320 1078 1565 1135 omnium
1622 1078 1821 1148 impio-

209 1191 357 1240 rum,
399 1175 558 1232 cuius
596 1175 850 1247 ,orandis
891 1176 1001 1232 erit
1033 1192 1197 1249 pyra
1253 1176 1311 1243 in
1352 1175 1556 1248 grandi
1599 1191 1821 1232 concre-

207 1272 455 1330 matione
518 1272 937 1331 damnatorum.
1000 1272 1048 1331 O
1107 1289 1274 1345 quam
1340 1273 1507 1345 longe
1568 1272 1640 1330 ab
1708 1273 1819 1331 isto

203 1370 414 1443 grandi
455 1387 561 1428 vae
606 1371 1016 1444 magnitudinis
1045 1387 1255 1442 poenae
1296 1369 1406 1428 fuit
1431 1370 1666 1443 grandis
1708 1387 1820 1428 ma-

201 1469 446 1542 gnitudo
474 1469 696 1542 gratiae
721 1470 778 1527 et
805 1469 1020 1543 gloriae
1049 1470 1281 1537 Mariae,
1311 1470 1400 1527 eui
1428 1468 1626 1527 eontra
1653 1485 1820 1541 gran-

202 1566 331 1624 dem
396 1567 796 1625 damnatorum
861 1584 1056 1641 pyram
1123 1569 1181 1625 in
1224 1567 1443 1625 inferno
1497 1568 1610 1624 iam
1666 1566 1819 1624 Deus

202 1665 655 1736 praeparaverat
681 1665 950 1739 grandem
981 1665 1222 1738 gloriam
1266 1666 1325 1722 in
1369 1665 1539 1733 caelo,
1581 1665 1645 1721 ut
1673 1664 1821 1721 sicut

202 1763 317 1821 fuit
358 1763 598 1836 grandis
640 1764 697 1820 in
740 1764 961 1832 merito,
993 1763 1074 1821 ita
1104 1765 1273 1821 etiam
1302 1763 1537 1836 grandis
1566 1763 1716 1821 esset
1757 1764 1816 1820 in

202 1862 478 1934 praemio,
503 1861 663 1920 Unde
692 1863 818 1934 ipsa
841 1861 930 1920 est
950 1862 1194 1920 thronus
1222 1863 1318 1919 ille
1344 1862 1596 1934 grandiS,
1619 1862 1686 1919 de
1707 1877 1817 1933 quo

204 1959 419 2018 dicitur
461 1959 618 2017 tertii
660 1960 879 2034 Regum
922 1961 1132 2019 decimo
1157 1961 1276 2034 (2):
1323 1961 1491 2018 Fecit
1517 1976 1619 2017 νεα)
1650 1958 1813 2017 Salo-

197 2075 341 2115 mon
385 2057 665 2115 thronum
706 2059 776 2117 de
816 2058 981 2116 ebore
1019 2058 1323 2132 yrandem.
1371 2057 1646 2116 'Harenas
1687 2074 1817 2115 vere

199 2155 546 2214 Salomonis
587 2157 677 2213 est
705 2156 906 2223 Maria,
935 2157 1171 2230 grandis
1202 2158 1426 2214 omnino
1454 2157 1511 2212 in
1541 2155 1730 2229 gratia
1760 2156 1817 2213 et

197 2254 411 2327 gloria.
456 2253 701 2326 Propter
741 2254 889 2327 quod
931 2254 1068 2312 bene
1126 2254 1326 2312 beatus
1368 2253 1692 2312 Bernardus
1722 2253 1811 2328 (3)

195 2352 315 2409 ait:
373 2373 404 2402 «
435 2350 721 2420 Quantum
765 2353 986 2426 gratiae
1045 2353 1100 2410 in
1160 2352 1330 2409 terris
1384 2351 1567 2409 Maria
1608 2351 1815 2424 adepta

192 2450 288 2507 est
333 2465 472 2521 prae
513 2448 732 2518 ceteris,
764 2448 989 2506 tantum
1019 2450 1075 2506 in
1107 2449 1276 2506 caelis
1315 2447 1560 2507 obtinuit
1599 2449 1813 2521 gloriae

193 2546 520 2619 singularis
541 2570 599 2603 ».
627 2546 770 2616 Quia
797 2563 932 2619 ergo
960 2547 1145 2604 Maria
1172 2546 1290 2603 tam
1333 2546 1658 2619 longissime
1702 2546 1810 2602 fuit

188 2645 268 2703 ab
315 2645 431 2703 isto
474 2661 596 2714 vae,
639 2645 762 2704 ideo
804 2647 854 2703 ei
898 2646 1098 2703 merito
1140 2644 1351 2702 dictum
1392 2645 1516 2702 est:
1555 2642 1697 2701 Ave.

329 2876 378 2935 1)
414 2875 550 2923 vers,
584 2876 632 2923 9.
1472 2874 1522 2934 2)
1558 2875 1692 2922 Vers.
1733 2874 1808 2921 18.

326 2957 376 3020 8)
413 2955 565 3005 Serm.
604 2956 649 3004 1.
687 2954 737 3004 in
770 2955 980 3004 Assumt.
1016 2957 1071 3004 Β.
1108 2955 1174 3003 Μ.
1210 2955 1268 3004 V.
1304 2968 1353 3003 n.
1388 2953 1436 3003 4.
