2237 3481
437 238 551 302 262
943 255 1236 304 sracunum
1278 259 1329 302 B.
1375 255 1437 302 Μ.
1481 256 1536 304 v.

433 453 602 526 mini,
643 451 752 523 flat
791 452 940 511 mihi
967 452 1284 511 secundum
1309 453 1549 512 verbum
1592 456 1755 511 tuum
1788 453 1899 529 (1),
1932 456 2047 513 sta-

433 551 536 608 tim
579 552 834 624 concepit
884 551 1214 610 mellifluum
1275 552 1522 610 fructum
1586 569 1770 610 suum.
1822 551 1869 610 Ο
1913 570 2047 612 vere

433 648 706 707 melliflua
747 649 933 707 labia!
998 649 1146 708 sicut
1200 650 1407 708 dicitur
1462 650 1820 710 Cantioorum
1876 669 2048 724 quar·

432 748 493 807 to
524 748 645 823 (2):
688 748 896 806 Favus
935 748 1238 806 distillans
1280 747 1441 806 labia
1483 751 1605 820 tua,
1645 764 1880 821 sponsa.
1933 750 2047 809 Ho-

433 863 555 904 rum
611 862 744 919 ergo
804 846 1084 904 labiorum
1149 845 1418 915 fructum,
1481 847 1670 904 Iesum
1728 846 2043 917 Christum,

432 944 584 1002 Deus
625 944 798 1002 Pater
839 945 1054 1002 creavit
1096 945 1214 1003 sive
1257 959 1449 1017 pacem
1493 943 1627 1003 fecit
1655 945 1765 1021 (3),
1812 962 2041 1019 pacem,

430 1043 681 1116 inquam,
737 1044 789 1100 ei
852 1043 958 1115 qui
1007 1043 1176 1117 lonye
1230 1045 1315 1101 est
1372 1060 1473 1115 per
1526 1043 1770 1115 culpam,
1826 1044 1894 1101 ut
1939 1043 2045 1102 fiat

435 1158 609 1215 prope
653 1158 753 1215 per
793 1141 1060 1215 gratiam,
1094 1157 1306 1214 pacem
1347 1141 1401 1199 ei
1440 1143 1545 1214 qui
1583 1159 1770 1214 prope
1811 1146 1898 1200 est
1942 1160 2043 1216 per

429 1239 696 1312 gratiam,
740 1257 810 1298 ne
865 1239 970 1297 fiat
1023 1240 1191 1312 longe
1235 1256 1335 1313 per
1390 1240 1635 1312 culpam.
1677 1239 1817 1313 Ipse
1870 1243 2042 1309 enim,

431 1338 578 1395 siout
619 1336 931 1410 Apostolus
957 1338 1045 1413 (4)
1090 1338 1192 1408 ait,
1233 1340 1321 1396 est
1337 1354 1465 1409 pax
1504 1341 1731 1412 nostra,
1772 1339 1878 1410 qm·
1904 1337 2046 1409 fecit

432 1439 684 1508 utraque
712 1453 914 1495 unum.
961 1437 1172 1495 Faetus
1215 1435 1303 1494 est
1329 1437 1501 1494 etiam
1544 1453 1652 1509 pax
1681 1435 1905 1495 fructus
1933 1438 2041 1494 iste

430 1535 580 1592 inter
622 1533 922 1603 hominem,
953 1537 1048 1607 qui
1078 1536 1244 1609 longe
1292 1535 1380 1594 est
1419 1537 1476 1593 in
1522 1535 1747 1604 mundo,
1789 1535 1850 1594 et
1889 1536 2041 1594 inter

429 1634 714 1706 angelum,
758 1635 853 1706 qui
896 1649 1071 1706 prope
1112 1634 1202 1691 est
1240 1635 1297 1690 in
1339 1634 1523 1703 caelo;
1581 1634 1852 1706 utrosque
1895 1636 2040 1707 paci·

431 1731 626 1791 ficavit
684 1734 743 1790 in
806 1732 1063 1806 patibulo
1120 1733 1277 1792 iuxta
1339 1732 1482 1791 illud
1543 1733 1614 1791 ad
1678 1733 2039 1793 colossenses

430 1832 611 1903 primo
643 1831 764 1906 (5):
795 1830 1137 1901 Pacificans
1153 1848 1268 1904 per
1293 1832 1642 1905 sanquinem
1683 1833 1877 1891 erneis
1917 1834 2038 1891 eius

427 1930 544 1987 sive
585 1946 734 2002 quae
774 1931 840 1987 in
892 1929 1070 1988 caelis
1133 1931 1250 1988 sive
1314 1946 1463 2001 quae
1507 1930 1583 1987 ‘in
1646 1931 1820 1989 terris
1881 1934 2036 1989 sunt.

429 2028 632 2100 Itaque
674 2028 894 2086 fructus
922 2027 1030 2085 iste
1072 2045 1183 2101 pax
1212 2027 1457 2086 hominis
1486 2028 1557 2086 ad
1587 2027 1888 2099 hominem,
1930 2047 2037 2104 pax

428 2125 670 2184 hominis
696 2126 769 2183 ad
796 2127 1080 2198 angelum,
1111 2144 1220 2199 pax
1248 2126 1491 2184 hominis
1518 2126 1590 2184 ad
1631 2126 1808 2185 Deum
1853 2126 2037 2186 factus

430 2225 536 2282 est.
581 2223 724 2293 Quid
765 2226 990 2294 mirum,
1034 2226 1079 2281 si
1126 2241 1225 2296 per
1253 2224 1403 2282 hunc
1433 2222 1678 2282 fructum
1709 2241 1904 2296 pacem
1937 2225 2036 2283 ha-

429 2322 562 2379 beat
601 2320 766 2381 homo
805 2339 929 2379 cum
976 2322 1108 2391 Deo,
1154 2339 1278 2379 cum
1321 2323 1441 2395 ipse
1483 2321 1702 2379 fructus
1731 2322 2035 2395 pacificans

430 2421 507 2476 sit
550 2419 701 2477 Deus
743 2418 800 2477 et
840 2419 1045 2479 homo?
1100 2419 1370 2477 Testatur
1431 2418 1535 2477 hoc
1590 2419 1742 2478 Beda
1771 2420 1884 2496 (6),
1940 2423 2035 2495 qui

428 2518 541 2575 ait:
582 2539 611 2568 «
645 2517 829 2575 Terra
868 2520 1074 2576 nostra
1101 2518 1255 2575 dedit
1273 2515 1538 2587 fructum
1566 2534 1738 2577 suwm
1762 2517 1875 2594 (7),
1905 2521 2035 2592 quia

558 2687 604 2744 1)
640 2685 751 2732 Luc.
790 2686 834 2742 1,
871 2686 948 2732 38.
1691 2686 1741 2745 2)
1779 2686 1917 2734 Vers.
1959 2689 2031 2734 11.

554 2766 602 2824 3)
640 2767 676 2811 Β
710 2765 829 2823 legit
863 2781 971 2811 cum
998 2781 1175 2825 pacem
1209 2768 1343 2825 fecit.

553 2845 602 2903 4)
637 2844 758 2903 Eph.
794 2845 841 2903 2,
882 2846 956 2893 14.
1691 2847 1741 2905 5)
1779 2847 1915 2894 Vers.
1953 2848 2030 2894 20.

132 2961 255 3028 μβ-
356 2957 503 3048 Ἣ
552 2926 600 2984 6)
638 2926 745 2971 Loc.
783 2939 892 2984 pag.
928 2926 1037 2984 239,
1073 2928 1187 2973 nota
1222 2927 1267 2974 3.
1304 2926 1389 2974 cit.
1542 2928 1590 2987 7)
1626 2928 1799 2975 Psalm.
1836 2927 1916 2986 84,
1957 2929 2029 2976 13.
