2237 3481
358 256 471 315 116
863 275 1155 316 spncumm
1199 276 1246 315 B.
1294 275 1356 315 M.
1399 275 1455 316 v.

357 379 464 387 ——

357 468 778 540 sapientissima
833 466 959 537 fuit,
1003 467 1152 540 quod
1213 467 1521 524 Anselmus
1552 464 1640 541 (1)
1704 466 1770 524 de
1834 468 1964 540 ipsa

354 567 622 624 audacter
663 567 842 624 dicat:
897 588 926 617 α
953 564 1161 624 Omnes
1213 564 1468 623 thesauri
1531 565 1843 637 sapientiae
1905 567 1965 623 et

357 665 622 723 scientiae
665 665 723 721 in
764 664 948 722 Maria
977 687 1034 720 ».
1076 664 1352 721 Dominus
1380 681 1514 737 ergo
1543 663 1745 732 tecum,
1776 680 1808 722 o
1836 665 1963 721 Ma-

356 765 443 822 ria
484 763 922 835 sapientissima.

515 861 704 920 Tertio
766 860 1062 929 attendite,
1121 862 1417 927 carissimi,
1474 861 1619 934 quod
1682 861 1964 920 Dominus

354 960 712 1028 universalis,
755 961 850 1031 qui
891 976 1017 1016 cum
1059 959 1243 1016 Maria
1284 958 1389 1026 est,
1421 960 1540 1031 ipse
1568 959 1657 1016 est
1683 959 1965 1017 Dominus

354 1058 835 1130 opulentissimus
884 1058 1273 1130 proprietate,
1318 1057 1465 1115 sicut
1526 1057 1663 1115 bene
1718 1057 1785 1115 de
1847 1058 1964 1116 isto

355 1157 594 1214 Domino
638 1155 916 1228 propheta
965 1154 1215 1213 testatur
1280 1156 1500 1213 dicens:
1566 1156 1814 1213 Domini
1876 1158 1966 1214 est

354 1258 513 1312 terra
554 1257 610 1311 et
644 1253 950 1325 plenitudo
992 1254 1134 1326 eius,
1179 1254 1333 1310 orbis
1385 1255 1679 1310 terrarum
1720 1256 1775 1310 et
1821 1256 1965 1311 nni-

350 1353 521 1425 versi,
567 1353 670 1423 qui
710 1352 983 1409 habitant
1021 1352 1087 1408 in
1128 1368 1190 1407 eo
1223 1351 1332 1424 (2).
1375 1351 1625 1408 Domini
1675 1350 1827 1408 certe
1876 1355 1964 1409 est

351 1465 465 1508 non
509 1450 691 1507 solum
737 1452 888 1506 terra
929 1453 984 1505 et
1026 1448 1329 1520 plenitudo
1377 1449 1519 1521 eins,
1566 1450 1735 1506 immo
1784 1449 1959 1507 etiam

349 1548 564 1606 caelum
593 1548 651 1604 et
680 1547 971 1619 plenitudo
1000 1548 1138 1604 eius
1174 1547 1287 1605 Tui
1312 1547 1479 1615 enim,
1511 1548 1785 1619 Domine,
1817 1552 1963 1605 sunt

351 1645 514 1718 caeli,
558 1647 610 1701 et
653 1648 758 1702 tua
798 1647 881 1702 est
923 1647 1078 1701 terra
1102 1643 1211 1718 (3),
1242 1645 1374 1718 quia
1411 1645 1634 1702 caelum
1664 1645 1811 1702 caeli
1839 1646 1961 1702 Do-

349 1745 512 1801 nn‘no
538 1743 648 1817 (4).
680 1743 902 1800 Domini
948 1759 1080 1817 ergo
1123 1743 1292 1800 huius
1320 1745 1507 1801 omnia
1538 1743 1673 1801 sunt
1703 1745 1957 1816 propria,

349 1843 565 1900 caelum
608 1842 665 1898 et
706 1842 879 1909 terra,
930 1842 1246 1912 corporalia
1289 1842 1347 1898 et
1388 1842 1729 1913 spiritualia,
1773 1844 1961 1900 omnis

350 1941 576 2009 natura,
622 1942 803 1999 omnis
842 1940 1051 2013 gratia,
1082 1941 1265 1999 omnis
1306 1940 1566 1997 caelestis
1607 1940 1811 2014 gloria,
1841 1955 1960 1999 om-

354 2041 450 2097 nia
493 2039 632 2096 sunt
671 2039 893 2096 Domini
940 2036 1189 2111 propria.
1234 2038 1508 2096 Dominus
1558 2054 1691 2110 ergo
1746 2038 1964 2096 ditissi-

350 2155 476 2194 mus
518 2137 623 2204 est,
668 2137 813 2194 sicut
855 2137 1025 2193 etiam
1070 2136 1381 2208 Apostolus
1422 2136 1506 2194 ait
1544 2136 1617 2194 ad
1673 2136 1960 2196 Romanos

348 2236 557 2292 decimo
588 2235 707 2309 (5):
767 2234 935 2292 Idem
995 2236 1294 2293 Dominus
1333 2236 1608 2304 omnium,
1671 2236 1827 2293 dives
1892 2237 1961 2293 in

349 2349 562 2405 omnes,
606 2334 709 2404 qua·
748 2335 1025 2391 invocant
1062 2333 1254 2391 illum.
1285 2333 1442 2401 Ecce,
1473 2334 1673 2401 Maria,
1704 2333 1961 2406 quantus

346 2432 620 2491 Dominus
661 2431 766 2501 est,
809 2449 976 2505 quam
1022 2433 1488 2505 opulentissimus
1531 2432 1804 2490 Dominus
1845 2433 1957 2499 est,

476 2682 520 2740 1)
558 2680 731 2727 Homil.
768 2681 815 2727 9.
853 2679 979 2727 circa
1012 2682 1167 2727 finem.

470 2763 520 2820 2)
559 2763 731 2808 Psalm.
767 2761 847 2817 23,
888 2761 930 2807 1.

473 2843 520 2902 3)
559 2843 732 2888 Psalm.
770 2841 847 2898 88,
888 2841 961 2887 12.

472 2924 521 2984 4)
559 2925 733 2984 Psalm.
774 2922 879 2981 113,
920 2923 994 2969 16.
1455 2924 1505 2983 5)
1542 2924 1676 2970 Vers.
1717 2924 1791 2970 12.
