2237 3481
852 264 1052 306 an'mo
1094 265 1209 306 inv.
1725 249 1842 309 195

233 456 362 511 ctus
403 451 492 510 est
533 451 716 510 Maria
765 452 983 522 sancta,
1025 470 1170 526 quae
1226 453 1365 512 bene
1419 470 1583 513 mons
1638 454 1845 513 dicitur

235 550 472 623 propter
521 551 910 609 excellentiam
966 552 1315 623 meritorum,
1361 553 1594 625 propter
1649 553 1845 612 altitu-

234 648 422 707 dinem
473 648 625 707 vitae
681 649 739 707 et
792 666 1027 708 morum.
1069 650 1179 708 Hic
1234 650 1322 709 est
1362 666 1542 721 monS,
1588 650 1655 709 de
1710 668 1840 725 quo,

233 748 385 805 sicut
424 748 483 804 in
526 747 760 806 Daniele
792 746 881 822 (1)
925 747 1156 820 legitur,
1197 747 1353 821 lapis
1392 749 1522 807 sine
1571 750 1845 808 manibus

236 845 531 904 abscissus
570 848 671 918 est,
715 846 847 903 dum
893 845 1157 904 Christus
1201 847 1267 904 de
1296 847 1479 904 Maria
1518 848 1637 905 sine
1680 863 1846 920 opere

235 942 490 1000 maritali
517 943 691 1001 natus
725 944 830 1001 est.
861 943 1234 1003 Pulchritudo
1264 945 1433 1002 huius
1461 945 1688 1014 montisi,
1708 945 1846 1017 pul·

233 1040 509 1099 claritudo
537 1041 813 1115 iustitiae,
839 1041 1201 1114 pulchritudo
1224 1043 1375 1100 vitae
1403 1042 1461 1100 et
1482 1058 1700 1101 morum
1729 1044 1846 1101 Ma·

234 1140 354 1197 riae
396 1137 562 1196 tanta
604 1138 731 1209 fuit,
774 1139 842 1196 ut
882 1132 1095 1198 merito=
1125 1142 1181 1197 in
1230 1140 1478 1199 canticis
1502 1141 1591 1216 (2)
1622 1142 1689 1200 de
1717 1143 1844 1214 ipsa

235 1235 344 1294 dici
367 1236 581 1309 possit:
611 1238 759 1295 Tota
778 1236 1040 1309 pulchra
1068 1254 1146 1310 es,
1178 1239 1370 1297 amica
1396 1255 1544 1297 mea.
1573 1239 1846 1298 Pulchra

236 1335 433 1407 utique
474 1335 532 1392 in
577 1335 714 1402 vita,
758 1335 997 1408 pulchra
1038 1337 1096 1393 in
1141 1352 1358 1395 morum
1417 1336 1734 1409 disciplina,
1787 1336 1846 1394 et

236 1435 361 1490 tota
372 1432 650 1505 pulchra.
674 1432 835 1501 Tota,
858 1433 1008 1492 certe
1032 1432 1183 1503 tota3
1216 1434 1489 1507 quomodo
1512 1434 1636 1492 tota
1651 1436 1678 1491 Ρ
1700 1434 1848 1493 Audi

235 1530 644 1603 Hieronymum
671 1530 794 1606 (3);
833 1531 917 1589 ait
944 1533 1090 1589 enim
1124 1533 1234 1589 sic:
1289 1554 1318 1583 α
1347 1532 1625 1605 Quidquid
1652 1532 1710 1590 in
1732 1532 1849 1589 Ma-

236 1630 325 1686 ria
365 1626 592 1700 gestum
635 1628 724 1686 est
765 1628 949 1687 totum
993 1629 1217 1701 puritas
1258 1631 1315 1688 et
1367 1629 1720 1703 simplicitaS,
1765 1630 1846 1689 to·

236 1725 359 1785 tum
402 1725 595 1801 gratia
637 1726 695 1785 et
724 1727 936 1786 veritas
978 1727 1108 1797 fuit,
1152 1728 1336 1787 totum
1380 1728 1760 1787 misericordia
1788 1729 1846 1786 et

233 1825 491 1898 iustitia,
533 1841 675 1898 quae
717 1824 784 1882 de
824 1826 981 1883 caelo
1014 1828 1322 1898 prospexit
1350 1826 1439 1901 (4)
1471 1850 1526 1887 ».
1557 1826 1682 1884 Tali
1725 1827 1850 1899 pul·

235 1921 547 1981 chritudini
582 1922 795 1981 Mariae
825 1922 1099 1982 Dominus
1129 1925 1329 1983 merito
1357 1923 1656 1982 benedixit.
1686 1924 1845 1982 Heu!

234 2037 407 2093 quam
450 2020 616 2093 longe
658 2021 749 2077 est
786 2020 859 2077 ab
901 2022 1015 2079 ista
1057 2022 1437 2081 benedictione
1475 2022 1688 2084 Mariae
1733 2023 1850 2095 qui-

234 2134 472 2190 cumque
516 2117 650 2175 talis
693 2118 783 2176 est
821 2120 879 2176 in
909 2135 1093 2191 opere,
1116 2121 1283 2193 quod,
1329 2121 1477 2178 sicut
1511 2120 1724 2178 Mariae
1766 2121 1846 2177 di-

235 2215 412 2273 citur:
442 2215 763 2274 Benedicat
800 2216 905 2273 tibi
932 2218 1248 2290 Dominus,
1272 2218 1658 2290 pulchritudo
1689 2219 1850 2276 iusti-

239 2314 373 2385 tiae,
419 2314 500 2370 sic
540 2314 589 2370 ei
630 2313 739 2372 dici
782 2314 1002 2386 potest:
1048 2315 1350 2373 Maledicat
1392 2315 1495 2373 tibi
1553 2316 1846 2384 DominUS,

236 2409 536 2483 turpitudo
590 2399 924 2470 iniustitiae.
987 2411 1034 2469 Ο
1091 2415 1307 2486 quanta
1363 2414 1679 2473 maledictio
1720 2415 1848 2483 erit,

235 2526 362 2568 cum
409 2510 625 2568 dicetur
656 2510 779 2585 (5):
823 2510 1120 2569 Discedite
1162 2528 1199 2568 a
1261 2528 1368 2585 me,
1411 2512 1725 2585 maledicti,
1784 2513 1849 2578 in

367 2759 414 2819 1)
450 2759 563 2819 Cap.
598 2761 647 2819 2,
683 2760 762 2807 45.
1354 2762 1404 2820 2)
1444 2760 1585 2808 Cant.
1622 2761 1669 2820 4,
1709 2764 1753 2809 7.

364 2840 413 2899 3)
449 2839 604 2899 Epist.
641 2855 780 2900 saepe
813 2840 899 2888 cit.
937 2856 985 2889 n.
1022 2842 1068 2888 9.
1357 2842 1406 2901 4)
1445 2842 1617 2888 Psalm.
1653 2841 1731 2900 84,
1772 2842 1846 2888 12.

363 2921 414 2979 5)
452 2920 630 2967 Matth.
667 2921 746 2979 25,
782 2921 860 2968 41.
