2237 3481
394 256 510 316 170
897 276 1187 318 SPECULUM
1227 277 1279 317 B.
1320 277 1386 318 u.
1429 278 1485 319 v.

392 466 793 539 penetralibuS,
838 484 1003 540 quam
1047 484 1209 527 nemo
1250 469 1500 526 virorum
1543 468 1776 537 videret,
1836 469 1995 527 solus

390 565 603 638 reperit
642 567 819 625 solam
862 567 981 624 sine
1022 568 1222 625 comite
1265 567 1323 624 et
1364 568 1542 626 solam
1585 568 1706 625 sine
1755 567 1906 626 teste
1934 591 1991 625 ».

391 663 673 733 Quomodo
732 665 923 722 autem
978 666 1091 722 ista
1148 666 1409 736 solitudo,
1471 666 1743 738 quomodo
1809 666 1997 724 Maria

390 763 565 836 Virgo
608 724 996 831 exsuitaverit,
1039 766 1165 835 ipsa
1206 764 1374 832 dicat,
1429 766 1610 836 ipsam
1673 765 1995 826 audiamus,

390 862 477 919 Et
513 862 843 934 exsultavit,
884 862 1086 935 inquit,
1138 863 1386 934 spiritus
1424 879 1582 922 meus
1623 865 1687 920 in
1734 864 1863 921 Deo
1905 880 1997 922 sa·

390 961 576 1019 lutari
627 977 768 1019 mee.
826 960 980 1019 Haec
1034 961 1185 1019 certe
1241 961 1484 1020 solitudo
1549 962 1754 1032 floruit
1816 964 1998 1034 quasi

391 1058 584 1117 lilium
642 1076 742 1132 per
784 1059 1192 1132 virginitatem.
1235 1058 1281 1117 Ο
1321 1060 1503 1119 lilium
1566 1060 1906 1133 angelicum,
1961 1077 1996 1118 o

390 1156 495 1216 flos
534 1157 824 1215 caelestis!
868 1156 916 1216 Ο
959 1174 1087 1216 vere
1130 1157 1235 1217 flos
1260 1157 1539 1225 caelestiS,
1566 1175 1731 1231 quem
1760 1158 1995 1217 tantum

388 1254 584 1313 dilexit
610 1257 736 1328 apis
771 1256 877 1339 illa
917 1256 1380 1328 supercaelestis!
1412 1256 1563 1314 Dicit
1602 1257 1749 1315 enim
1790 1256 1997 1315 beatus

388 1354 713 1412 Bernardus
744 1353 864 1428 (1):
919 1377 947 1405 «
976 1354 1120 1427 Apis
1168 1355 1287 1424 illa,
1331 1371 1480 1427 quae
1508 1356 1785 1426 pascitur
1839 1356 1997 1413 inter

392 1452 524 1510 lilia
554 1453 662 1526 (2),
706 1470 848 1525 quae
891 1452 1210 1526 florigeram
1274 1452 1560 1511 inhabitat
1607 1453 1856 1525 patriam
1898 1470 1997 1511 an-

387 1552 660 1624 gelorum,
724 1552 947 1624 quando
1008 1552 1081 1609 ad
1142 1552 1427 1610 civitatem
1473 1551 1783 1620 Nazareth,
1840 1551 1992 1625 quod

388 1649 803 1721 interpretatur
842 1651 952 1722 flos
984 1650 1094 1725 (3),
1124 1650 1415 1709 advolavit
1443 1651 1502 1708 et
1528 1650 1600 1708 ad
1642 1666 1817 1708 suave
1844 1650 1994 1708 olen-

389 1747 501 1806 tem
559 1751 863 1821 perpetuae
919 1749 1270 1822 virginitatis
1326 1749 1521 1809 florem
1577 1749 1856 1822 pervenit,
1906 1749 1992 1807 illi

387 1847 612 1916 insedit,
654 1847 741 1904 illi
781 1847 1111 1905 inhaesit».
1155 1848 1288 1906 Flos
1332 1846 1684 1921 virginitatis
1712 1846 1996 1920 quasitot

388 1944 560 2003 habet
598 1945 750 2013 folia,
793 1946 931 2018 quot
972 1946 1108 2003 sunt
1151 1946 1501 2018 virginitatis
1542 1934 1891 2004 conditiones
1932 1945 1994 2003 et

390 2045 685 2115 praeconia
714 2044 824 2118 (4).
877 2042 925 2102 Ο
981 2044 1257 2117 quantum
1312 2044 1482 2102 huius
1536 2043 1693 2102 floris
1752 2060 1997 2103 coronae

390 2158 490 2213 per
530 2142 768 2200 Mariam
798 2142 934 2199 sunt
962 2142 1403 2215 multiplicatae!
1434 2142 1594 2199 Unde
1622 2141 1827 2199 beatus
1855 2141 1998 2199 Am-

389 2240 611 2299 brosius
641 2240 729 2314 (5)
773 2240 885 2298 ait:
940 2262 968 2291 «
999 2240 1138 2298 Cum
1179 2242 1236 2298 in
1278 2240 1400 2299 toto
1442 2240 1647 2298 mundo
1698 2240 1997 2313 virgineus

515 2543 560 2602 1)
596 2543 744 2590 Serm.
780 2541 827 2589 2.
863 2542 918 2589 de
952 2542 1169 2589 Adventu
1201 2542 1332 2589 Dom.
1369 2556 1419 2589 n.
1455 2542 1501 2589 3.

512 2625 560 2683 2)
597 2623 736 2671 Cant.
772 2622 820 2681 2,
860 2623 934 2670 16.

511 2704 559 2763 3)
595 2703 811 2761 Hierum,
845 2704 902 2750 de
934 2703 1069 2750 Nom.
1106 2704 1253 2750 Hebr.
1292 2703 1534 2763 (Mattha.

509 2784 560 2839 4)
594 2784 647 2830 In
682 2784 720 2831 A
753 2784 890 2831 adest
922 2782 1293 2831 additamentum
1334 2785 1391 2831 de
1430 2783 1606 2842 gratiis
1654 2784 1750 2832 Deo
1791 2786 1994 2843 agendis

386 2878 471 2925 pro
503 2867 624 2913 dono
655 2865 973 2923 virginitatis.

510 2947 561 3007 5)
596 2947 743 2994 Serm.
777 2946 856 2993 48.
892 2947 949 2994 de
981 2946 1144 2993 Sanct.
1182 2945 1329 3005 (inter
1360 2960 1501 3007 opera
1532 2947 1771 3008 Ambros.)
1806 2962 1857 2996 n.
1897 2949 1938 2995 l.
