2237 3481
896 267 1095 324 Lucvno
1137 278 1189 325 v.
1766 260 1841 324 59

237 471 673 531 Proverbiorum
718 471 1009 545 trigesimo
1072 474 1253 545 primo
1285 472 1406 547 (1):
1450 473 1678 531 Fallax
1713 490 1845 546 yra-

239 571 346 643 tia,
376 573 432 628 et
458 587 613 628 vana
641 572 726 629 est
746 570 1131 642 pulchritudo
1147 591 1167 642 ‚·
1195 573 1327 645 quia
1354 588 1487 645 ergo
1514 572 1844 645 gratissima

237 668 416 741 Virgo
458 668 640 726 Maria
682 667 884 727 falsam
925 670 1172 743 gratiam
1214 655 1439 738 diaboii,
1471 669 1675 728 falsam
1715 687 1844 743 gra·

237 766 375 824 tiam
422 767 635 835 mundi,
680 766 881 824 falsam
924 769 1173 841 gratiam
1234 769 1422 826 carnis
1484 766 1841 839 contempsit,

235 866 359 924 ideo
401 865 602 925 merito
636 883 829 924 veram
872 868 1034 940 apud
1071 868 1265 925 Deum
1302 867 1565 941 qratiam
1604 867 1841 939 invenit,

234 980 428 1021 veram
471 963 666 1037 utique
695 964 753 1022 et
792 981 1013 1037 puram,
1057 965 1219 1022 nulla
1247 965 1569 1023 adulterina
1596 964 1842 1022 mixtura

236 1061 519 1132 vitiatam,
562 1062 628 1119 ut
671 1079 797 1121 vere
840 1063 1020 1121 dicere
1059 1062 1242 1135 possit
1280 1063 1421 1120 illud
1463 1062 1841 1120 Ecclesiastici

235 1161 508 1234 vigesimo
549 1160 754 1234 quarto
783 1161 904 1236 (2):
957 1160 1143 1236 Quasi
1176 1160 1505 1219 balsamum
1544 1177 1662 1218 non
1702 1160 1842 1217 mlx·

237 1261 363 1316 tum
392 1258 539 1316 odor
565 1275 742 1317 meus.
765 1258 1116 1317 Balsamum
1139 1259 1352 1317 Mariae
1382 1260 1470 1317 est
1497 1260 1688 1317 unctio
1715 1275 1841 1331 gra-

232 1357 367 1423 tiae,
405 1373 519 1429 qua
558 1357 742 1414 Maria
782 1358 1163 1429 copiosissime
1205 1357 1294 1414 est
1332 1357 1521 1415 infusa
1545 1356 1663 1431 (3);
1693 1356 1841 1414 unde

234 1454 439 1513 beatus
479 1454 806 1512 Bernardus
847 1455 1082 1527 loquens
1111 1455 1178 1512 de
1216 1455 1316 1513 illo
1345 1455 1516 1513 verbo
1547 1454 1668 1529 (4):
1716 1452 1841 1527 Spi-

231 1555 390 1611 ritus
430 1555 668 1611 sauctus
695 1554 1054 1625 superveniet
1079 1554 1145 1610 iu
1189 1556 1257 1626 te,
1299 1553 1383 1610 ait
1405 1553 1526 1627 (5):
1579 1575 1609 1604 α
1630 1553 1843 1611 Pretio·

232 1668 361 1709 sum
402 1650 546 1708 illud
602 1650 918 1708 balsamum
971 1650 1137 1708 tanta
1193 1651 1294 1709 tibi
1352 1652 1511 1723 copia
1566 1650 1840 1724 tantaque

232 1749 587 1824 plenitudine
616 1748 832 1818 influet,
876 1749 943 1806 ut
969 1751 1352 1822 copiosissime
1381 1750 1577 1808 effluat
1604 1752 1842 1808 circum-

230 1864 454 1921 quaque
482 1870 511 1899 »
528 1890 541 1903 .
583 1846 911 1905 Balsamum
942 1849 1164 1905 misceri
1193 1847 1338 1906 solet
1366 1851 1424 1906 et
1452 1848 1645 1906 vitiari
1677 1849 1839 1906 melle

229 1947 322 2004 vel
365 1947 507 2005 oleo.
548 1945 653 2003 Sed
693 1946 844 2004 certe
887 1946 1201 2004 balsamum
1244 1946 1491 2019 Spiritus
1543 1947 1725 2005 sancti
1781 1948 1838 2004 in

227 2045 418 2102 Maria
458 2060 571 2102 non
615 2044 725 2101 fuit
766 2045 1022 2114 mixtum,
1064 2046 1198 2118 quia
1240 2062 1341 2103 nec
1383 2046 1545 2104 melle
1596 2045 1841 2103 carnali·

227 2143 375 2201 tatis
418 2142 476 2200 et
517 2142 837 2201 mundanae
879 2143 1301 2212 consolationis
1357 2160 1459 2201 nec
1499 2144 1618 2202 oleo
1660 2160 1839 2201 vanae

226 2241 422 2299 laudis
461 2240 520 2298 et
561 2240 905 2299 adulationis
948 2240 1057 2299 fuit
1098 2240 1384 2300 vitiatum.
1427 2240 1505 2298 Et
1545 2242 1678 2314 quia
1718 2240 1837 2298 tam

226 2357 368 2399 vera
412 2337 471 2397 et
510 2338 630 2397 tam
674 2357 819 2412 pura
860 2339 1072 2398 Mariae
1113 2340 1304 2413 gratia
1352 2339 1481 2409 fuit,
1522 2340 1644 2398 ideo
1701 2339 1839 2398 bene

224 2440 613 2511 Hieronymus
643 2438 732 2513 (6)
776 2438 842 2496 de
883 2439 1011 2510 ipsa
1053 2439 1134 2496 sic
1175 2437 1339 2496 dicit:
1402 2460 1432 2489 α
1461 2437 1737 2512 Quidquid
1779 2439 1838 2495 in

360 2624 407 2683 1)
444 2623 579 2670 Vers.
615 2623 692 2670 30.
1491 2626 1542 2684 2)
1578 2624 1710 2670 Vers.
1754 2624 1834 2670 21.

359 2704 409 2762 3)
439 2703 493 2749 Id
524 2704 600 2750 est
624 2705 869 2762 perficam
903 2702 1009 2751 vide
1042 2704 1317 2763 Forcellini‚
1352 2703 1554 2752 Lexicon
1587 2705 1680 2751 etc.

353 2784 406 2843 4)
444 2785 557 2831 Luc.
597 2784 641 2841 1,
678 2785 755 2831 35.

353 2866 406 2924 5)
443 2865 592 2912 Serm.
626 2864 677 2911 iu
712 2864 879 2913 Nativ.
915 2867 970 2912 Β.
1007 2866 1072 2913 Μ.
1108 2866 1166 2912 V.
1203 2880 1252 2913 n.
1288 2867 1336 2913 5.

353 2947 405 3008 6)
442 2945 599 3007 Epist.
634 2960 773 3007 saepe
805 2945 890 2994 cit.
926 2961 974 2996 n.
1010 2946 1058 2995 9.
