2237 3481
403 234 516 292 192
907 249 1198 291 SPECULUM
1238 250 1290 289 B.
1331 249 1395 290 Μ.
1438 249 1493 291 v.

395 459 563 512 num3
606 441 753 499 unde
793 439 995 498 beatus
1036 437 1363 497 Bernardus
1393 436 1483 514 (1)
1526 437 1737 511 optime
1780 436 1848 495 de
1887 437 2003 497 hac

395 542 608 600 Mariae
649 538 1031 598 benedictione
1071 537 1186 595 ait:
1227 559 1256 588 α
1278 536 1389 595 Per
1418 537 1475 594 te
1503 553 1788 595 accessum
1829 536 2002 594 habe·

395 656 521 698 mus
554 638 627 696 ad
654 638 880 707 Filium,
923 653 954 696 o
995 635 1286 694 benedicta
1313 635 1464 694 inter
1491 635 1774 704 muliereS‚
1801 635 2000 693 inven-

395 739 508 796 trix
548 736 788 811 gratiae,
829 734 1076 809 genitrix
1115 734 1288 803 vitae,
1330 733 1513 792 mater
1561 732 1766 791 salutis
1793 756 1853 789 ι».
1894 733 2001 792 Be-

393 835 616 895 nedicta
656 850 790 908 ergo
817 833 884 892 tu
911 834 1094 891 Maria
1125 831 1358 906 propter
1384 832 1651 907 gratiam,
1679 831 1996 902 benedicta,

392 937 642 1008 inquam,
687 932 921 1007 propter
960 932 1210 1005 gratiam
1237 930 1446 1004 cordis,
1477 931 1710 1004 propter
1741 929 1995 1009 gratiam

393 1034 534 1106 oris,
590 1031 825 1106 propter
879 1031 1128 1104 gratiam
1184 1031 1396 1102 operis.
1438 1028 1743 1087 Benedicta
1797 1028 1995 1102 utique

392 1134 451 1190 in
493 1130 655 1190 corde
696 1129 930 1204 propter
968 1130 1220 1203 gratiam
1262 1129 1552 1196 donorum,
1596 1127 1891 1186 benedicta
1935 1130 1994 1187 in

392 1248 488 1291 ore
530 1231 762 1303 propter
802 1227 1050 1302 gratiam
1092 1227 1388 1296 labiorum,
1417 1226 1710 1285 benedicta
1738 1228 1798 1284 in
1826 1244 1996 1300 opere

393 1329 626 1403 propter
684 1328 932 1401 gratiam
978 1343 1213 1385 morum.
1257 1359 1336 1367 —-
1383 1326 1529 1384 Vere
1572 1325 1864 1384 benedicta
1907 1327 1999 1386 est

391 1428 573 1485 Maria
622 1426 854 1500 propter
905 1424 1154 1499 gratiam
1209 1425 1409 1493 cordis,
1454 1424 1688 1497 propter
1740 1426 1993 1498 gratiam

391 1528 677 1590 donorum
711 1525 778 1582 in
821 1523 1006 1597 corde,
1039 1523 1273 1596 propter
1300 1539 1468 1596 quam
1498 1539 1592 1580 cor
1619 1524 1739 1581 eius
1766 1523 1879 1581 fuit
1908 1523 1996 1582 de·

390 1624 805 1683 liciosissimum
835 1621 982 1680 sicut
1013 1623 1310 1694 paradisus
1333 1621 1452 1691 Dei,
1476 1622 1559 1679 ita
1586 1622 1653 1680 ut
1680 1622 1748 1679 de
1775 1621 1885 1681 hac
1907 1623 1995 1681 be·

388 1722 700 1782 nedictione
729 1720 928 1781 merito
957 1721 1202 1795 intelligi
1232 1720 1413 1794 possit
1437 1720 1580 1779 illud
1608 1720 1994 1781 Ecclesiastici

388 1822 817 1900 quadragesimo
841 1821 962 1895 (2):
1001 1818 1222 1879 Gratia
1261 1821 1412 1879 sicut
1440 1820 1771 1893 paradisus
1812 1822 1881 1879 in
1911 1822 1995 1880 bc·

389 1921 846 1991 nedictionibus;
873 1920 949 1977 ibi
977 1918 1114 1977 dicit
1141 1919 1535 1977 Interlinearis
1560 1918 1681 1994 (3):
1722 1941 1752 1970 α
1771 1918 1996 1979 Fructi-

390 2020 567 2078 ficans
596 2020 849 2077 diversas
879 2020 1092 2092 species
1121 2018 1399 2076 virtutum
1422 2018 1591 2096 ».·De
1614 2018 1705 2075 his
1735 2018 1995 2077 felicibus

386 2118 705 2192 gratiarum
747 2117 806 2176 et
845 2118 1125 2176 virtutum
1156 2116 1633 2175 benedictionibus
1672 2115 1994 2189 Apostolus

277 2251 284 2267 ·
387 2217 523 2275 dicit
562 2218 634 2274 ad
662 2216 936 2290 Ephesios
966 2218 1148 2290 primo
1172 2216 1293 2291 (4):
1333 2216 1445 2291 Qui
1476 2214 1761 2273 benedixit
1786 2233 1900 2275 nos
1928 2217 1995 2274 in

100 2917 153 2940 22„
222 2925 223 2928 ,
262 2929 267 2932 Α

380 3121 399 3156 ι’θ’

387 2317 547 2374 omni
589 2316 972 2374 benedictione
1031 2314 1339 2387 spirituali
1397 2315 1464 2372 in
1525 2314 1868 2373 caelestibus
1928 2316 1993 2372 in

394 2413 650 2474 Christo.
692 2415 749 2472 Si
789 2430 922 2488 ergo
965 2413 1157 2487 gratia
1185 2414 1426 2472 mentem
1455 2413 1764 2471 humanam
1801 2415 1862 2471 in
1905 2413 1993 2472 be-

386 2513 793 2572 nedictionibus
835 2513 1115 2571 virtutum
1159 2512 1476 2571 deliciosam
1523 2511 1659 2570 facit
1697 2513 1857 2571 sicut
1872 2530 1992 2586 pa-

514 2764 559 2823 1)
595 2763 741 2811 Serm.
776 2765 824 2810 2.
859 2765 915 2811 de
948 2763 1330 2829 AdventutDom.
1366 2778 1414 2811 n.
1450 2764 1498 2810 5.

509 2845 558 2902 2)
594 2846 728 2892 Vers.
768 2845 842 2892 17.

513 2926 560 2983 3)
595 2924 729 2983 Apud
761 2926 994 2983 Lyranum
1027 2925 1078 2973 in
1110 2927 1235 2973 hunc
1266 2927 1433 2973 locum.
1675 2926 1727 2985 4)
1763 2926 1899 2972 Vers.
1934 2924 1979 2971 3.
