2237 3481
411 246 528 302 220
919 261 1209 304 SPECULUM
1248 262 1298 303 B.
1344 262 1410 303 M.
1451 262 1505 304 v.

409 452 699 511 nedictam·
732 451 972 510 matrem
1015 453 1362 522 Salvatoris3
1406 452 1552 510 unde
1595 452 1733 511 bene
1788 470 2015 511 venera-

410 552 542 609 bilis
571 552 866 625 presbyter
892 552 1044 609 Beda
1075 551 1165 625 (1)
1207 552 1320 609 ait:
1375 574 1404 602 ‹<
1424 551 1729 609 Benedicta
1768 551 1835 610 tu
1865 552 2015 610 inter

412 651 690 719 muliereS‚
737 668 837 723 per
877 652 1035 708 cuius
1099 650 1327 723 partum
1393 652 1707 723 virgineum
1762 667 1799 707 a
1859 652 2016 708 natis

409 750 707 807 mulierum
736 748 1052 807 maledictio
1097 750 1313 821 primae
1343 748 1544 806 matris
1584 749 1811 806 exclusa
1839 751 1931 806 est
1956 752 2013 805 »ἔ

407 847 510 904 Sed
555 847 688 920 quid
731 864 830 919 per
873 848 1094 905 clavum
1127 847 1408 919 signatur,
1451 864 1560 919 quo
1588 848 1761 919 caput
1790 848 2016 907 Sisarae

410 944 776 1017 perforatur?
818 944 956 1014 Quis
996 945 1084 1003 est
1126 946 1321 1003 clavus
1363 944 1490 1014 iste,
1545 946 1656 1002 nisi
1712 946 1869 1018 rigor
1929 945 2015 1003 di-

408 1044 719 1116 sciplinae?
761 1043 904 1112 Quid
945 1046 1092 1102 enim
1143 1043 1233 1101 est
1294 1045 1449 1118 'rigor
1509 1044 1841 1116 disciplinae
1897 1061 2015 1101 ace-

405 1143 595 1211 diosis‚
639 1145 748 1200 nisi
790 1144 951 1216 quasi
995 1143 1223 1216 quidam
1265 1143 1461 1200 clavus
1495 1144 1552 1200 in
1585 1143 1803 1201 oculis?
1836 1143 2014 1216 Rigor

405 1241 598 1314 utique
640 1241 968 1314 disciplinae
1010 1242 1208 1298 clavus
1264 1240 1353 1298 est
1400 1240 1685 1299 diabolum
1738 1242 2013 1299 acerrime

405 1341 898 1413 punge118‚clavus
921 1340 1009 1397 est
1035 1338 1318 1398 diabolum
1344 1339 1681 1412 rigidissime
1703 1339 2014 1413 configens,

405 1438 708 1497 Benedicta
748 1438 942 1510 utique
983 1438 1144 1495 Iahel
1187 1438 1361 1509 caput
1388 1437 1610 1495 Sisarae
1650 1438 1813 1496 clavo
1840 1439 2013 1495 inter-

404 1536 624 1594 ficiente
665 1536 912 1605 confixit,
943 1536 1167 1608 quando
1196 1535 1488 1594 benedicta
1514 1536 1696 1593 Maria
1735 1536 2011 1594 virtutem

405 1634 639 1692 satanae
682 1635 867 1708 rigore
908 1634 1237 1706 disciplinae
1298 1636 1355 1691 in
1400 1651 1459 1691 se
1500 1633 1787 1692 exstinxit.
1830 1634 2012 1692 Bene·

404 1731 561 1791 dicta
603 1750 737 1807 ergo
779 1733 932 1791 inter
971 1732 1246 1791 mulieres
1287 1732 1480 1805 Iahel,
1522 1731 1816 1791 benedicta
1859 1733 2012 1791 inter

403 1833 666 1890 mulieres
707 1832 908 1889 Maria.
953 1832 1116 1890 Inter
1174 1848 1316 1904 quas
1372 1832 1676 1889 mulieres?
1716 1831 1870 1889 Audi
1911 1831 2011 1889 Be·

403 1930 529 1988 dam
563 1929 672 2004 (2),
702 1931 797 2003 qui
841 1930 1008 1988 dicit:
1061 1953 1090 1981 «
1118 1930 1251 1988 Non
1294 1931 1474 1989 solum
1519 1929 1813 1988 benedicta
1843 1931 1909 1988 tu
1951 1932 2010 1987 in

403 2029 752 2098 mulieribuS,
797 2029 892 2086 sed
935 2030 1084 2087 inter
1133 2029 1397 2087 mulieres
1438 2029 1760 2087 benedictas
1808 2030 2010 2087 maiori

403 2127 784 2186 benedictione
827 2128 1147 2199 specialiter
1188 2128 1431 2201 insignis
1458 2150 1517 2183 ».

562 2226 788 2295 Quinto,
831 2226 1145 2295 audiamuS,
1188 2228 1481 2295 carissimi,
1525 2225 1800 2299 quomodo
1849 2227 2011 2285 bene-

401 2326 551 2383 dicta
594 2326 670 2382 sit
710 2326 893 2383 Maria
935 2342 1036 2398 pro
1068 2325 1419 2383 liberalitate
1446 2323 1645 2383 contra
1682 2326 2008 2384 avaritiam.

401 2423 580 2481 Avari
619 2424 765 2481 enim
811 2423 1089 2482 maledicti
1137 2423 1290 2491 sunt,
1322 2423 1467 2481 sicut
1494 2423 1701 2481 dicitur
1730 2425 2010 2483 secundae

405 2521 557 2579 Petri
602 2522 843 2580 secundo
868 2522 988 2596 (3):
1042 2519 1158 2581 Gor
1198 2523 1573 2579 exercitatum
1615 2523 1877 2580 avaritia
1906 2523 2009 2580 ha-

528 2771 572 2822 li
609 2770 784 2818 Homil.
821 2770 870 2817 in
909 2772 1102 2818 solemn.
1137 2770 1383 2830 Deiparae‚
1420 2771 1605 2828 quando
1642 2771 1877 2819 salutavit
1907 2771 2005 2818 Eli·

404 2854 589 2906 mincii,
627 2851 751 2898 inter
781 2851 944 2898 homil.
980 2850 1151 2899 aestiv.
1188 2852 1244 2898 de
1276 2851 1460 2910 Senot„
1496 2853 1611 2899 ante
1642 2851 1861 2899 medium.

527 2932 573 2980 2]
613 2929 728 2977 Ibid.
763 2931 904 2989 paulo
936 2933 1065 2978 ante.
1664 2933 1713 2991 3)
1747 2933 1884 2980 Vere.
1925 2933 2002 2980 14.

2200 2404 2202 2524 i

2186 2902 2195 2912 .

2196 3245 2198 3338 i
