2237 3481
407 255 521 314 132
911 272 1202 315 SPECULUM
1242 274 1294 314 B.
1335 273 1398 314 u.
1441 273 1497 315 v.

395 465 554 522 cuius
577 464 760 521 Maria
787 464 876 521 est
905 463 1022 521 filia
1050 463 1430 531 nobilissima3
1462 464 1582 534 ipse
1609 462 1698 519 est
1719 462 2004 521 Dominus

395 563 591 631 Filius,
621 564 779 620 cuius
809 562 989 619 Maria
1018 560 1200 620 mater
1227 561 1591 634 dignissima3
1621 562 1742 633 ipse
1771 561 1860 619 est
1889 560 2003 619 Do·

396 663 581 718 minus
611 660 857 732 Spiritus
899 660 1149 728 sanctuS‚
1179 661 1337 717 cuius
1378 658 1561 716 Maria
1589 675 1798 731 sponsa
1827 676 2005 717 venu-

396 759 648 817 stissima
665 756 782 833 (1);
812 759 932 830 ipse
955 745 1042 816 ost
1066 758 1339 817 Dominus
1361 757 1550 815 trinus
1571 757 1629 815 et
1647 773 1814 826 unuS,
1837 758 2004 815 cuius

395 858 577 915 Maria
601 858 689 916 ost
709 857 915 915 ancilla
939 857 1367 915 subiectissima.
1390 856 1572 913 Maria
1593 855 1743 914 certe
1765 856 1855 914 est
1875 856 2002 914 filia

395 972 644 1014 summae
666 956 1042 1024 aeternitatis,
1060 955 1242 1013 mator
1264 971 1514 1013 summae
1535 955 1815 1024 veritatis,
1833 972 2002 1028 spon-

395 1072 459 1113 sa
501 1071 750 1112 summae
792 1054 1082 1121 bonitatiS,
1126 1053 1334 1111 ancilla
1382 1069 1633 1111 summae
1675 1053 2000 1112 Trinitatis,

554 1152 745 1212 Primo
786 1168 918 1226 ergo
960 1152 1255 1221 attendite,
1299 1153 1593 1221 carissimi,
1624 1152 1773 1225 quod
1802 1152 2001 1211 Domi-

394 1268 502 1309 nus
530 1251 658 1320 iste‚
685 1253 780 1324 qui
818 1251 934 1308 tam
977 1250 1344 1324 singulariter
1372 1251 1460 1308 est
1488 1267 1612 1308 cum
1643 1250 1845 1319 Maria,
1874 1252 1888 1307 i
1898 1268 2001 1323 pse

394 1350 483 1407 est
523 1350 814 1418 Dominus,
856 1350 1015 1406 cuius
1054 1348 1189 1419 filia
1234 1348 1605 1407 nobilissima
1654 1348 1745 1405 est
1791 1349 1999 1407 Maria.

396 1448 476 1505 De
506 1448 616 1505 isto
653 1449 798 1505 enim
842 1447 1079 1505 Domino
1107 1447 1165 1504 et
1192 1446 1259 1504 do
1288 1447 1401 1504 ista
1429 1446 1548 1504 filia
1583 1447 1759 1518 accipi
1806 1447 2000 1519 potest

394 1545 539 1619 quod
594 1545 738 1604 Booz
793 1545 934 1602 dixit
994 1544 1152 1602 Ruth
1193 1544 1363 1602 tertio
1394 1544 1515 1619 (2):
1561 1544 1883 1603 Benedicta
1938 1561 1998 1604 es

395 1661 434 1701 a
480 1644 758 1716 Domin0‚
813 1643 963 1715 filia,
1017 1644 1163 1715 quia
1204 1643 1472 1715 priorem
1526 1642 1999 1701 misericordiam

385 1742 708 1814 posteriore
748 1743 1057 1814 superasti.
1100 1740 1245 1800 Vero
1302 1740 1592 1800 benedicta
1648 1759 1686 1800 a
1735 1742 1997 1800 Domino

395 1840 527 1911 fiilia
566 1842 654 1899 ost
694 1841 894 1909 Maria,
923 1858 958 1898 a
987 1856 1221 1908 summo,
1267 1841 1515 1913 inquam,
1547 1840 1804 1909 Domino,
1834 1841 1999 1898 cuius

395 1941 520 2011 ipsa
561 1940 649 1996 est
706 1939 841 1997 filia.
883 1938 930 1997 Ο
971 1956 1099 1997 vere
1149 1939 1485 1997 nobilissimi
1539 1938 1713 2013 Regis
1767 1939 2002 1998 nobilis-

397 2039 538 2096 sima
581 2037 735 2095 filia!
779 2054 920 2111 quae
963 2039 1079 2095 tam
1137 2038 1436 2110 multiplici
1494 2038 1734 2095 interius
1790 2038 2002 2096 ornata

394 2153 453 2195 es
493 2137 694 2209 gloria,
737 2137 803 2194 ut
844 2153 972 2194 vore
1014 2137 1082 2193 de
1138 2122 1203 2194 oa
1251 2136 1357 2193 dici
1401 2136 1582 2208 possit
1612 2135 1736 2211 (3):
1789 2134 2003 2195 Omuis

389 2236 591 2309 yloria
630 2236 752 2293 eius
806 2234 967 2305 filiae
1021 2236 1177 2308 reyis
1233 2235 1306 2292 ab
1363 2236 1524 2293 intus
1578 2214 1683 2293 etc.
1740 2234 1817 2291 Et
1871 2235 2003 2294 idco

394 2333 665 2405 tanquam
709 2316 1002 2390 verissima
1043 2333 1213 2406 Regis
1257 2332 1375 2391 filia
1416 2332 1487 2389 ad
1529 2350 1764 2406 regnum
1808 2334 2006 2405 copio-

396 2433 614 2490 sissime
657 2432 744 2490 ost
786 2433 957 2491 uncta
988 2433 1096 2507 (4),
1141 2432 1286 2490 teste
1342 2432 1505 2490 beato
1561 2432 1851 2491 Bernardo
1882 2433 2002 2507 (5),

523 2620 566 2679 1)
604 2620 640 2665 Β
674 2619 1039 2676 fecundissima.
1653 2617 1703 2677 2)
1740 2617 1876 2665 Vers.
1922 2619 2003 2665 10.

520 2701 567 2759 3)
604 2700 776 2746 Psalm.
812 2698 890 2758 44,
931 2700 1003 2744 14.

518 2781 567 2840 4)
603 2781 714 2827 Vat.
750 2780 827 2826 hic
858 2783 908 2827 et
940 2779 1065 2826 infra
1098 2780 1243 2826 habet
1278 2783 1460 2825 tracta.

449 2868 459 2887 “
517 2864 565 2921 5)
603 2861 749 2909 Serm.
786 2862 841 2908 de
874 2862 1083 2908 Assumt.
1127 2862 1181 2907 B.
1218 2861 1283 2907 M.
1320 2861 1377 2907 V.
1426 2860 1573 2920 (inter
1616 2873 1759 2920 opera
1804 2862 2006 2921 Hugon.

394 2958 423 2990 a
456 2942 504 2990 S.
541 2942 709 3001 vict.),
746 2941 903 3000 Migno
936 2943 1067 2989 Patr.
1102 2943 1212 2990 Lat.
1249 2943 1288 2989 t.
1329 2942 1434 2989 177.
1471 2943 1560 2989 col.
1602 2941 1740 2988 1214.
