2237 3481
450 245 568 304 244
954 263 1246 305 spucumm
1286 264 1339 304 B.
1381 263 1443 304 Μ.
1484 264 1540 306 v.

451 457 563 515 sior
604 454 822 529 decore,
863 455 1319 515 deliciosissimus
1359 473 1586 530 sapore.
1626 456 1798 516 Vides
1839 457 2053 517 nihilo-

449 556 653 624 minuS‚
696 555 967 629 quomodo
995 555 1285 614 virtuosus
1327 554 1405 614 sit
1444 556 1518 614 ad
1555 557 1899 626 curandum,
1930 558 2049 615 vir-

448 652 665 712 tuosior
725 654 797 712 ad
857 653 1397 728 multiplicandum,
1461 653 1911 713 virtuosissimus
1975 655 2050 714 ad

449 751 925 811 conservandmn.
967 751 1140 811 Vides
1179 753 1429 826 insuper,
1471 753 1745 826 quomodo
1785 753 2051 826 copiosus

449 851 526 909 sit
566 851 638 909 ad
678 852 1019 925 satietatem,
1048 852 1322 924 copiosior
1363 851 1435 910 ad
1474 852 1934 925 universitatem,
1961 869 2048 912 co·

449 951 800 1024 piosissimus
842 950 915 1009 ad
943 951 1409 1023 perpetuitatem.
1437 950 1561 1009 Hae
1588 950 1873 1010 duodecim
1912 967 2050 1010 con-

448 1048 690 1108 ditiones
728 1047 898 1106 huius
940 1048 1158 1108 fructus
1200 1050 1415 1122 signari
1463 1048 1703 1121 possunt
1757 1066 1858 1122 per
1913 1050 2049 1110 illos

448 1148 733 1207 duodecim
772 1146 1011 1219 fructuS‚
1038 1147 1106 1206 de
1134 1147 1338 1220 quibus
1366 1147 1740 1222 Apocalypsis
1773 1149 2048 1221 vigesimo

448 1245 688 1304 secundo
719 1243 808 1320 (1)
852 1244 1073 1315 dicitur,
1116 1245 1265 1318 quod
1317 1247 1556 1319 angelus
1605 1245 1807 1304 Ioanni
1863 1245 2048 1305 osten-

447 1343 532 1402 dit
574 1344 801 1418 liynum
838 1345 990 1402 vitae
1031 1341 1281 1414 afferens
1319 1341 1547 1415 fructus
1608 1342 1927 1403 duodecim.
1969 1343 2049 1402 Et

448 1442 581 1515 quia
632 1441 852 1500 fructus
909 1442 1034 1511 iste,
1077 1440 1298 1500 fructus
1358 1442 1527 1511 vitae,
1589 1443 1808 1516 lignum
1871 1443 2045 1512 vitae,

448 1539 706 1599 omnibus
746 1539 1066 1598 hominibus
1093 1539 1167 1597 ad
1194 1540 1371 1598 vitam
1409 1540 1757 1613 producitur,
1785 1541 1907 1599 ideo
1937 1534 2047 1599 me·

445 1638 557 1697 rito
600 1640 780 1697 omnis
834 1638 998 1697 homo
1053 1639 1126 1698 ad
1187 1638 1531 1698 laudandum
1592 1637 1762 1697 huius
1824 1639 2048 1699 fructus

448 1736 733 1802 auctorem
777 1736 1079 1806 inducitur,
1124 1736 1271 1796 sicut
1298 1736 1572 1811 scriptum
1601 1736 1690 1795 est
1718 1736 1841 1812 (2):
1892 1735 2047 1797 Gon-

446 1836 725 1907 fiteantur
769 1836 873 1894 tibi
903 1835 1136 1909 populi,
1166 1837 1348 1909 Deus,
1391 1835 1780 1907 confiteantur
1808 1837 1919 1895 tibi
1935 1854 2049 1911 po-

435 1934 576 2007 puli
618 1950 831 2006 omnes,
863 1936 1021 1992 terra
1048 1934 1206 1993 dedit
1229 1932 1486 2003 fructum
1519 1951 1710 1993 suum.
1741 1934 1849 1992 Eia
1875 1952 2045 2004 nunc,

449 2031 736 2090 benedicta
779 2031 961 2090 mater
1002 2031 1171 2090 huius
1212 2031 1487 2091 benedicti
1528 2031 1785 2090 fructus!
1830 2030 1940 2101 fac,
1982 2032 2047 2091 ut

446 2129 550 2188 hoc
592 2129 779 2189 fructu
822 2129 1078 2188 fruamur
1142 2131 1199 2188 in
1263 2130 1573 2188 aeternum.
1637 2129 1747 2189 Per
1806 2131 2046 2189 eundem

446 2228 712 2299 fructum,
756 2229 1056 2287 Dominum
1099 2229 1379 2288 nostrum.
1420 2228 1620 2287 Amen.

574 2477 619 2535 1)
654 2477 788 2524 Vers.
823 2477 869 2523 2.

569 2557 618 2617 2)
655 2558 826 2604 Psalm.
864 2558 942 2616 66,
977 2558 1024 2605 6.
1061 2571 1160 2615 seq.
