2237 3481
116 3010 369 3163 Ἣ

400 269 478 327 84
797 340 800 344 .
906 285 1197 327 SPECULUM
1239 285 1291 325 B.
1334 285 1397 328 M.
1441 285 1497 328 v.

396 477 504 536 bus
554 477 612 537 et
671 478 877 537 osculis
929 476 1368 535 familiarissime
1416 475 1807 543 contrectavit,
1858 476 2011 533 sicut

401 575 761 650 Augustinus
791 574 879 650 (1)
937 575 1226 633 evidenter
1274 575 1499 643 asserit,
1542 574 1762 632 dicens:
1824 596 1853 624 «
1883 573 2009 632 Nec

401 676 623 744 mirum,
668 675 869 743 Maria,
913 675 961 731 si
1002 673 1270 747 dignetur
1311 673 1416 730 tibi
1457 673 1807 747 congaudere
1849 672 2008 730 Deus

398 790 645 847 regnans
688 775 745 830 in
788 773 976 841 caelis
1006 790 1170 846 quem
1200 772 1503 845 parvulum
1532 789 1597 829 ex
1626 773 1683 829 te
1720 771 2008 831 hominem

397 871 595 930 natum
642 871 810 930 toties
851 870 1107 930 osculata
1149 888 1209 928 es
1250 872 1306 927 in
1350 869 1521 928 terris
1549 893 1607 926 >›.
1651 902 1729 911 —
1770 868 2005 927 Sextum

400 972 612 1028 Mariae
662 970 1021 1043 privilegium
1063 970 1170 1038 est,
1213 969 1361 1042 quod
1403 970 1528 1041 ipsa
1570 986 1741 1041 super
1782 984 2006 1027 omnem

397 1068 716 1128 creaturam
768 1068 929 1141 apud
970 1068 1167 1125 Deum
1216 1068 1632 1140 potentissima
1693 1066 1812 1136 est3
1855 1067 2008 1124 unde

398 1167 757 1240 Augustinus
788 1166 910 1241 (2):
951 1189 980 1217 α
1002 1165 1260 1237 Impetra
1302 1165 1449 1238 quod
1486 1181 1772 1238 rogamus
1802 1181 2009 1222 excusa

398 1266 545 1338 quod
587 1268 867 1334 timemus,
910 1265 1041 1337 quia
1093 1281 1195 1321 nec
1244 1264 1617 1335 potentiorem
1649 1263 1738 1339 (3)
1783 1263 2008 1321 meritis

397 1365 714 1422 invenimus
757 1380 924 1436 quam
971 1363 1046 1430 te,
1090 1379 1233 1435 quae
1262 1362 1519 1420 meruisti
1545 1363 1729 1419 mater
1765 1362 2009 1420 existere

401 1463 646 1521 eiusdem
689 1461 1080 1534 Redemptoris
1123 1461 1182 1519 et
1220 1460 1431 1519 Iudicis
1457 1484 1516 1517 ιο.
1559 1460 1784 1519 Grande
1827 1461 2009 1533 privi-

396 1562 607 1634 legium
649 1560 754 1629 est,
797 1560 943 1633 quod
985 1561 1111 1633 ipsa
1140 1576 1276 1632 prae
1306 1560 1564 1618 omnibus
1591 1559 1814 1617 Sanctis
1851 1559 2009 1631 apud

399 1659 576 1716 Deum
621 1659 741 1716 tam
783 1658 1179 1732 potentissima
1220 1657 1326 1727 est,
1363 1657 1509 1715 sicut
1549 1658 1691 1715 idem
1733 1658 2012 1731 Augusti-

399 1776 509 1816 nus
531 1759 621 1833 (4)
651 1759 919 1827 declarat,
949 1758 1168 1816 dicens:
1208 1781 1238 1809 α
1258 1757 1455 1830 Neque
1482 1757 1713 1815 dubium
1742 1757 1847 1825 est,
1872 1759 2011 1830 quia

402 1874 545 1930 quae
574 1856 781 1914 meruit
815 1873 917 1929 pro
944 1856 1253 1913 liberandis
1284 1855 1534 1928 proferre
1565 1855 1806 1928 pretium
1839 1871 2009 1927 posse

399 1957 530 2030 plus
573 1956 796 2013 Sanctis
838 1955 1095 2014 omnibus
1136 1954 1395 2013 liberatis
1435 1955 1755 2027 impendere
1805 1953 2011 2013 suffra-

398 2056 554 2128 gium
577 2078 633 2112 ».
665 2055 769 2112 Sed
798 2054 930 2127 quid
972 2053 1140 2111 tanta
1182 2053 1438 2125 potentia
1465 2054 1678 2112 Mariae
1708 2053 2009 2125 prodesset

398 2154 578 2221 nobiS,
625 2155 671 2210 si
714 2154 839 2225 ipsa
882 2154 1108 2210 minime
1151 2153 1377 2210 curaret
1417 2151 1485 2210 de
1526 2152 1730 2209 nobis?
1758 2150 2010 2224 Propter

399 2251 520 2320 hoc,
564 2253 860 2320 carissimi,
904 2252 1147 2309 sciamus
1189 2249 1579 2308 indubitanter
1626 2250 1684 2308 et
1740 2266 1845 2322 pro
1901 2250 2013 2309 hoc

397 2350 617 2423 gratias
659 2367 897 2423 agamus
931 2349 1299 2418 incessanter,
1330 2350 1494 2422 quod,
1526 2348 1670 2407 sicut
1699 2349 1825 2421 ipsa
1854 2349 2012 2421 apud

400 2448 579 2506 Deum
648 2466 783 2521 prae
845 2448 1104 2508 omnibus
1163 2448 1385 2506 Sanctis
1440 2448 1529 2505 est
1578 2447 1882 2520 potentior,
1926 2448 2015 2506 ita

528 2718 571 2777 1)
608 2717 754 2764 Serm.
790 2716 901 2762 208.
936 2715 1136 2775 append.
1176 2714 1317 2774 (alias
1352 2714 1453 2774 35.)
1490 2728 1537 2761 n.
1582 2713 1656 2759 11.

522 2798 572 2857 2)
608 2796 728 2843 Ibid.

524 2879 572 2938 3)
608 2877 739 2923 Edit.
775 2876 896 2934 legit
921 2876 1189 2937 potiorem.

523 2958 573 3018 4)
610 2959 718 3005 Loc.
753 2956 838 3004 cit.
874 2970 924 3004 n.
964 2957 1039 3003 12.

366 3166 469 3211 ‘¹¹¹³'

460 3246 467 3257 3
516 3244 519 3247 ,
