2237 3481
423 275 499 332 68
924 287 1222 355 ,SPECULUM
1262 289 1315 329 Β.
1357 288 1419 330 Μ.
1463 288 1521 330 v.

346 478 349 481 ’
421 481 644 538 tantam
686 481 925 554 gloriam
966 482 1024 537 in
1082 480 1235 538 caelo
1296 479 1535 537 invenit.
1588 478 1666 536 Et
1706 476 1858 537 certe
1905 479 2025 537 tam

419 581 665 653 gratiam
710 597 878 651 quam
919 579 1158 651 gloriam
1222 579 1440 636 invenit
1494 577 1647 650 apud
1702 578 2025 651 Dominum,

421 680 552 750 quia
595 678 740 734 sicut
791 679 846 734 in
912 677 1141 735 Psalmo
1172 675 1261 751 (1)
1326 676 1561 735 dicitur:
1634 673 1913 734 Gratiam
1975 678 2030 732 et

415 777 674 849 yloriam
741 775 905 833 dabit
964 776 1279 833 Dominus.
1341 774 1447 832 Sed
1496 773 1665 844 certe,
1727 773 2027 843 carissimi,

419 876 611 948 gratia
653 876 864 931 Mariae
907 890 1018 932 non
1064 874 1244 932 solum
1289 872 1595 931 utilissima
1624 872 1734 930 fuit
1763 871 1870 930 sibi
1898 873 2029 944 ipsi,

423 975 519 1031 sed
562 973 731 1030 etiam
764 973 942 1041 nobiS,
974 973 1143 1029 immo
1173 970 1279 1029 toti
1308 971 1556 1030 humano
1584 973 1798 1043 generi.
1828 970 2032 1028 Gratia

421 1076 569 1131 enim
613 1073 826 1130 Mariae
867 1071 1090 1145 colligit
1130 1071 1338 1144 malos,
1366 1071 1702 1143 impinguat
1728 1071 1926 1143 bonae,
1958 1070 2033 1128 lc·-

425 1174 591 1229 berat
631 1173 950 1228 universos.
995 1170 1227 1243 Colligit
1268 1186 1302 1226 a
1329 1170 1516 1242 culpa,
1546 1169 1869 1242 impinguat
1903 1186 2034 1243 gra·

426 1271 524 1338 tia,
572 1269 777 1326 liberat
818 1285 852 1325 a
895 1267 1073 1326 morte
1114 1268 1366 1326 aeterna.

586 1369 720 1425 Dico
763 1383 913 1440 ergo,
957 1366 1104 1439 quod
1152 1366 1344 1439 gratia
1395 1365 1609 1423 Mariae
1665 1365 1899 1439 colliyit
1953 1366 2038 1425 ad

424 1467 906 1537 misericordiam,
948 1464 1166 1538 colligit
1206 1464 1278 1521 ad
1319 1464 1627 1522 Ecclesiam
1670 1464 1871 1522 malos.
1910 1463 2037 1523 Hoc

425 1566 562 1623 bene
605 1565 891 1637 signatum
935 1563 1024 1621 est
1064 1565 1121 1620 in
1150 1564 1358 1636 gratia,
1403 1579 1571 1635 quam
1612 1564 1672 1620 in
1701 1563 2039 1636 colligendis

426 1665 594 1736 spicis
652 1681 685 1720 a
750 1661 1090 1721 messoribus
1153 1661 1436 1719 derelictis
1496 1660 1653 1718 Ruth
1714 1661 2039 1730 invenerat,

425 1764 648 1836 quando
690 1762 910 1820 dixerat
949 1761 1021 1819 ad
1064 1761 1209 1819 Booz
1241 1760 1363 1834 (2):
1407 1760 1615 1817 Inveni
1654 1761 1921 1833 qratiam
1949 1777 2040 1818 co·

426 1881 559 1919 ram
624 1862 808 1919 oculis
873 1861 1005 1928 tuis,
1062 1859 1288 1917 domine
1348 1860 1432 1916 mi
1487 1859 1592 1916 etc.
1648 1858 1805 1916 Ruth
1861 1859 2042 1916 inter-

429 1961 689 2035 pretatur
730 1960 930 2017 vc‘dens
972 1959 1061 2032 vel
1102 1956 1390 2027 festinans
1415 1958 1537 2032 (3);
1575 1957 1633 2015 et
1671 1959 1867 2031 signat
1903 1957 2044 2016 bea-

426 2063 546 2118 tam
610 2061 904 2131 virginem,
946 2075 1088 2131 quae
1146 2075 1273 2115 vere
1324 2057 1521 2114 videns
1577 2058 1634 2113 in
1690 2057 2043 2129 contempla·
2103 2087 2108 2092 ·

428 2162 579 2217 tione
622 2158 679 2216 et
736 2158 871 2215 bene
927 2156 1206 2214 festinans
1262 2155 1370 2213 fuit
1431 2158 1490 2213 in
1538 2156 1790 2224 actione;
1833 2155 2043 2214 videns

429 2260 599 2317 etiam
644 2257 899 2314 nostram
942 2256 1224 2314 miseriam
1267 2255 1355 2312 est
1393 2256 1451 2311 et
1493 2254 1772 2313 festinans
1814 2254 1888 2311 ad
1939 2256 2046 2312 im-

428 2356 772 2430 pendendam
819 2371 978 2412 suam
1022 2353 1477 2412 misericordiam.
1506 2353 1653 2411 Booz
1693 2352 2047 2425 interpreta-

429 2458 525 2514 tur
567 2456 755 2512 vc‘rtus
787 2454 898 2527 (4),
956 2452 1014 2510 et
1056 2451 1249 2525 signat
1289 2452 1469 2520 illum,
1513 2452 1579 2509 de
1621 2467 1731 2524 quo
1772 2452 1833 2509 in
1877 2451 2049 2510 Psal-

557 2644 601 2701 1)
637 2643 811 2688 Psalm.
849 2640 927 2698 83,
968 2640 1042 2685 12.

554 2725 602 2782 2)
640 2724 769 2769 Ruth
803 2722 852 2779 2,
892 2720 974 2776 12;
1013 2721 1246 2778 Vulgata:
1283 2721 1421 2779 apud
1450 2721 1614 2766 oculos
1650 2724 1775 2767 tuos.

555 2805 602 2862 3)
639 2802 855 2859 Hieron„
891 2803 947 2848 de
979 2802 1114 2848 Nom.
1152 2801 1297 2847 Hebr.
1333 2814 1357 2846 e
1389 2799 1475 2846 lib.
1511 2801 1658 2848 Ruth.

553 2886 602 2944 4)
640 2884 856 2942 Hieron.‚
891 2884 981 2929 loc.
1008 2881 1091 2929 cit.
1121 2881 1225 2941 (lib.
1260 2880 1459 2940 Iudic.):
1493 2882 1642 2939 Booz,
1665 2881 1716 2929 in
1750 2882 2053 2932 fortitudine

118 2987 353 3102 -ΛἫ
430 2965 529 3014 sive
562 2967 611 3013 in
647 2979 736 3023 quo
768 2964 940 3013 virtuS.

388 3167 495 3373 Ιίμε

562 3295 569 3306 ι

500 3317 547 3346 ‡·‘··
576 3325 583 3328 =
