2237 3481
419 257 536 315 218
927 275 1217 316 SPECULUM
1257 275 1309 315 B.
1351 275 1412 316 M.
1461 275 1516 317 v.

420 464 637 521 suetam
695 464 932 521 Mariam
989 465 1201 538 signat.
1243 465 1346 523 Vis
1401 482 1583 535 nosse,
1642 482 1809 538 quam
1867 483 2019 523 man·

420 563 581 621 sueta
609 563 782 621 fuerit
810 564 990 621 Maria
1008 566 1035 620 Ρ
1075 564 1224 621 Audi
1254 564 1480 622 beatum
1511 565 1862 623 Bernardum
1897 563 2016 638 (1):

428 683 457 711 ‹<
485 660 746 730 Revolve‚
776 662 978 735 inquit,
1007 662 1338 736 diligentius
1366 664 1720 736 evangelicae
1748 662 2020 720 historiae

381 828 386 843 „
420 756 617 812 seriem
662 757 1002 824 universam,
1046 757 1103 814 et
1146 757 1193 813 si
1222 756 1355 829 quid
1384 756 1527 814 forte
1558 756 2016 829 increpatorium,

419 854 465 910 si
507 854 641 925 quid
682 854 903 922 durum,
935 856 982 911 si
1011 854 1156 927 quod
1188 854 1422 927 denique
1452 855 1675 927 signum
1715 855 1802 912 vel
1833 854 2019 912 tenuis

416 952 823 1026 indignationis
864 953 1171 1012 occurrerit
1210 955 1268 1010 in
1311 953 1511 1022 Maria¹
1568 953 1635 1011 de
1682 954 1868 1013 cetero
1925 970 2021 1012 su-

418 1050 668 1123 spectam
689 1050 900 1109 habeas
928 1051 986 1109 et
1013 1051 1270 1110 accedere
1300 1052 1566 1109 verearis,
1590 1050 1746 1120 Quod
1770 1052 1820 1108 si
1850 1052 2021 1123 plena

418 1151 599 1223 magis
641 1151 822 1208 omnis
865 1149 1097 1222 pietatis
1147 1150 1206 1207 et
1256 1149 1496 1223 gratiae,
1540 1149 1709 1221 plena
1763 1167 2021 1208 mansue·

419 1247 633 1306 tudinis
687 1248 745 1305 et
787 1247 1197 1306 misericordiae
1238 1249 1538 1316 inveneri8‚
1582 1264 1725 1321 quae
1767 1248 1840 1305 ad
1896 1265 2018 1306 eam

418 1345 723 1419 pertinent,
765 1347 987 1420 gratias
1028 1364 1135 1420 age
1176 1347 1225 1404 ei
1269 1348 1363 1419 qui
1420 1347 1590 1404 talem
1650 1346 1754 1404 tibi
1809 1347 2020 1404 media-

416 1445 610 1502 tricem
655 1445 1056 1518 bonignissima
1096 1444 1453 1503 miseratione
1496 1444 1760 1516 providit,
1807 1445 1862 1501 in
1908 1461 2019 1517 qua

418 1542 560 1600 nihil
604 1542 785 1615 possit
841 1559 961 1601 esse
1025 1542 1350 1616 suspectum
1378 1567 1435 1598 ».
1479 1543 1659 1600 David
1725 1541 2018 1601 Christum

419 1641 629 1713 signat,
673 1642 767 1714 qui
825 1658 925 1713 per
982 1641 1494 1700 mansuetissimam
1557 1641 1795 1699 Mariam
1857 1658 2021 1700 man-

415 1740 623 1798 suescit
665 1740 723 1799 et
765 1740 1044 1813 placatur,
1087 1759 1158 1799 ne
1200 1758 1259 1798 se
1300 1740 1367 1799 de
1408 1739 1697 1813 peccatore
1737 1757 1840 1813 per
1877 1758 2021 1799 mor·

413 1839 526 1897 tem
568 1840 856 1898 aeternam
888 1840 1212 1898 ulciscatur.
1242 1838 1438 1897 Omnis
1464 1856 1599 1912 ergo
1628 1840 1820 1897 anima
1847 1840 2020 1899 morti

412 1938 675 1996 aeternae
718 1939 952 1997 obnoxia
993 1937 1262 1996 anhelare
1299 1953 1411 1997 non
1454 1937 1636 1996 cesset
1676 1937 1747 1997 ad
1792 1937 2018 1996 tantam

412 2037 626 2094 Mariae
673 2037 1176 2105 mansuetudinem,
1219 2053 1321 2109 pro
1364 2052 1477 2109 qua
1518 2038 1644 2109 ipsa
1684 2036 1773 2094 est
1816 2037 2021 2094 merito

411 2134 723 2193 benedicta.
765 2135 933 2192 Dicat
973 2151 1106 2207 ergo
1136 2136 1317 2193 omnis
1360 2134 1599 2207 spiritus
1629 2135 2019 2203 moribundu8‚

412 2233 564 2291 dicat
603 2251 727 2292 cum
774 2234 1041 2292 Anselmo
1072 2233 1161 2308 (2)
1205 2234 1422 2292 dicente
1479 2235 1586 2291 sic:
1660 2256 1690 2285 α
1718 2232 1765 2291 O
1822 2234 1888 2292 tu
1932 2234 2022 2291 be·

410 2331 633 2390 nedicta
675 2349 846 2404 super
889 2333 1171 2401 muliereS,
1213 2350 1355 2405 quae
1411 2332 1646 2406 angelos
1688 2334 1869 2390 vincis
1923 2349 2022 2405 pu-

411 2431 602 2500 ritate,
646 2431 873 2490 sanctos
917 2448 1154 2503 superas
1196 2431 1437 2504 pietate!
1466 2430 1703 2490 anhelat
1735 2431 2022 2490 moribun-

411 2530 517 2587 dus
558 2530 796 2602 spiritus
839 2547 995 2588 meus
1036 2530 1107 2588 ad
1165 2530 1361 2589 tantae
1404 2530 1777 2604 benignitatis
1832 2546 2022 2603 respe—

409 2628 582 2698 ctum,
627 2629 723 2688 sed
764 2628 1043 2688 erubescit
1085 2629 1159 2687 ad
1199 2628 1346 2686 tanti
1390 2629 1593 2687 nitoris
1634 2629 1928 2702 aspectum
1957 2653 2019 2685 ».

538 2859 583 2917 1)
620 2858 766 2905 Serm.
806 2858 858 2905 in
890 2859 1020 2906 Dom.
1056 2858 1172 2906 infr.
1209 2859 1312 2906 Oct.
1350 2860 1560 2907 Assumt.
1596 2860 1652 2906 B.
1689 2859 1754 2906 M.
1790 2859 1847 2907 V.
1886 2874 1937 2906 n.
1964 2860 2014 2906 2.

533 2938 583 2996 2)
620 2937 755 2985 Orat.
790 2938 869 2985 50.
909 2938 1051 2998 (alias
1083 2939 1208 2998 49.).
