2237 3481
421 236 498 294 32
928 252 1219 294 SPECULUM
1259 253 1312 293 B.
1354 253 1414 294 u.
1459 252 1514 295 v.

418 446 673 519 angelica
713 444 922 503 natura
964 446 1120 518 prior
1161 444 1219 503 et
1260 446 1454 517 purior
1494 445 1582 503 est
1623 445 1836 504 Maria:
1868 449 2023 520 prior

418 543 714 617 dignitate,
772 543 964 615 purior
1019 542 1343 601 sanctitate.
1382 543 1539 601 Unde
1594 544 1901 603 Anselmus
1931 544 2020 620 (1)

418 645 737 702 exclamans
798 644 910 700 ait:
984 665 1014 694 α
1050 641 1096 701 Ο
1160 642 1448 700 benedicta
1511 659 1680 715 super
1741 645 2022 713 muliereS‚

418 759 560 815 quae
614 742 847 815 angelos
902 742 1080 799 vineis
1153 741 1430 812 puritate,
1494 742 1721 801 sanctos
1785 759 2024 815 superas

419 840 630 913 pietate
658 842 722 896 »l
767 872 846 881 —-
895 839 1065 897 Vides
1131 839 1307 907 modo,
1371 839 1644 912 quomodo
1705 840 1887 897 Maria
1948 842 2025 898 sit

418 940 587 998 stella
628 940 930 1011 purissima
974 939 1272 1010 purissime
1315 938 1569 996 vivendo.

577 1036 826 1095 Secundo
888 1036 1196 1105 considera,
1251 1037 1556 1105 carissime,
1631 1037 1779 1109 quod
1839 1037 2027 1095 Maria

418 1136 507 1194 est
547 1135 716 1193 stella
769 1134 1180 1192 radiosissima
1235 1134 1450 1191 radium
1514 1134 1808 1192 aeternum
1869 1135 2028 1193 emit-

419 1234 604 1301 tendo,
644 1234 758 1291 Dei
787 1233 1017 1291 Filium
1036 1233 1347 1304 pariendo.
1376 1232 1514 1304 Ipsa
1542 1234 1688 1290 enim
1719 1233 1808 1291 est
1836 1233 2025 1303 stella,

419 1334 485 1390 de
527 1350 637 1405 qua
678 1332 883 1389 dicitur
925 1331 1302 1390 Numerorum
1344 1332 1615 1405 vigesimo
1664 1331 1870 1404 quarto
1900 1333 2024 1409 (2):

426 1430 662 1490 Orietur
721 1430 893 1488 stella
932 1445 1000 1486 ex
1041 1429 1235 1501 Iacob,
1280 1431 1334 1486 et
1375 1432 1684 1503 consumet
1730 1431 1904 1503 virqa
1959 1430 2028 1488 de

418 1529 632 1587 Israel.
659 1529 841 1602 Virya
861 1528 973 1585 ista
996 1528 1084 1586 est
1108 1528 1207 1585 Dei
1230 1528 1426 1596 Filius,
1451 1529 1545 1600 qui
1571 1528 1769 1586 stellae
1793 1528 2027 1587 nostrae

320 1630 321 1633 ’
417 1628 630 1685 Mariae
681 1629 769 1685 est
822 1627 1033 1693 radiuS,
1090 1626 1283 1684 radius
1324 1628 1518 1698 utique
1561 1627 1627 1684 de
1669 1642 1777 1699 quo
1828 1627 2031 1684 eanta-

418 1726 515 1785 tur
540 1726 660 1802 (3):
701 1726 905 1784 «Sicut
946 1725 1104 1784 sidus
1146 1725 1363 1783 radium
1387 1749 1415 1777 ›>
1454 1726 1559 1784 ete.
1592 1724 1673 1784 De
1702 1743 1811 1799 quo
1854 1725 2027 1784 etiam

418 1826 617 1884 beatus
674 1824 998 1883 Bernardus
1029 1824 1117 1898 (4)
1182 1825 1295 1881 ait:
1369 1846 1397 1874 «
1427 1824 1544 1882 Nee
1599 1824 1768 1882 sideri
1832 1825 2031 1883 radius

419 1941 578 1982 suam
622 1924 827 1980 minuit
866 1923 1204 1990 claritatem,
1247 1938 1347 1979 nee
1387 1921 1610 1994 Virgini
1642 1922 1822 1981 Filius
1863 1940 2029 1981 suam

416 2022 658 2081 abstulit
699 2022 1081 2095 virginitatem
1114 2044 1171 2077 >›.
1201 2020 1247 2079 O
1277 2037 1404 2077 vere
1447 2020 1792 2090 beatissima,
1834 2037 1866 2079 ο
1897 2038 2030 2080 vere

417 2122 798 2181 radiosissima
841 2120 1010 2177 stella
1049 2120 1251 2189 Maria,
1292 2121 1450 2177 euius
1480 2119 1671 2176 radius
1700 2136 1810 2177 non
1842 2120 2030 2178 solum

418 2220 707 2287 mundum,
749 2221 917 2276 immo
959 2218 1128 2276 etiam
1172 2217 1405 2284 caelum,
1445 2217 1502 2275 et
1542 2234 1654 2276 non
1698 2218 1879 2276 solum
1910 2235 2032 2276 eae-

548 2444 592 2503 1)
629 2443 763 2489 orat.
797 2441 874 2486 50.
915 2439 1056 2499 (alias
1089 2438 1191 2498 49.)
1228 2437 1352 2486 eirca
1385 2436 1601 2485 medium.

543 2526 594 2585 2)
630 2524 764 2571 Vers.
806 2523 880 2569 17.

544 2607 592 2666 3)
628 2606 772 2651 Prosa
802 2604 852 2651 in
875 2602 949 2649 die
972 2601 1136 2648 Nativ.
1163 2602 1294 2648 Dom.
1324 2599 1435 2658 (int.
1461 2613 1536 2659 op.
1563 2600 1835 2661 Bernardi).
1860 2601 2032 2648 Alludi

418 2687 604 2735 videtur
647 2687 707 2732 ad
748 2684 998 2742 Bernard.,
1033 2681 1196 2729 homil.
1232 2682 1279 2728 2.
1325 2694 1462 2740 super
1508 2681 1693 2727 Missus
1735 2686 1808 2727 est
1849 2696 1898 2727 n.
1942 2682 2030 2729 17:

424 2787 449 2813 ι
470 2768 602 2815 Sicut
633 2767 736 2813 sine
768 2764 842 2812 sui
875 2762 1176 2823 corruptione
1204 2762 1334 2808 sidus
1362 2775 1495 2808 suum
1518 2761 1701 2807 emittit
1729 2761 1933 2820 radium,
1962 2762 2033 2810 sie

418 2852 592 2907 absque
625 2847 697 2894 sui
730 2846 935 2893 laesione
967 2845 1112 2902 virgo
1145 2843 1355 2903 parturit
1386 2842 1558 2890 Filium
1581 2860 1629 2889 ι.

542 2929 592 2990 4)
629 2927 802 2975 Homil.
838 2927 885 2973 2.
921 2939 1059 2985 super
1090 2925 1275 2973 Missus
1306 2929 1378 2971 est
1411 2939 1459 2971 n.
1499 2925 1572 2971 17.
