2237 3481
457 246 574 304 274
963 262 1255 305 spucunun
1296 264 1348 304 B.
1391 264 1453 304 M.
1499 265 1554 308 v.

455 453 669 510 nardus
694 451 783 528 (1)
828 453 1045 511 inducit
1071 453 1312 511 Mariam
1340 454 1664 527 loquentem
1693 455 1804 512 sio:
1845 476 1878 506 α
1907 455 2074 524 Ecce,

453 552 565 609 iam
608 551 788 624 video,
829 552 974 624 quod
1017 551 1274 610 futurum
1318 552 1406 610 est
1443 554 1505 610 in
1546 570 1651 622 me,
1682 553 1811 626 quis
1838 552 2074 612 fructus

455 649 721 721 procedat
742 649 809 708 de
838 667 943 719 me,
967 650 1105 722 quot
1128 650 1185 708 et
1207 649 1423 722 quanta
1451 649 1598 709 bona
1624 666 1737 709 non
1769 650 1909 709 mihi
1940 652 2071 719 soli,

454 746 550 805 sed
580 748 838 806 omnibus
865 748 1325 820 generationibus
1366 749 1702 821 provenient
1743 766 1844 822 per
1888 766 1981 808 me
2010 773 2071 806 ».

618 846 938 916 Undecimo,
982 848 1279 916 carissimi,
1317 849 1667 905 necessarius
1708 848 1799 906 est
1838 847 2069 907 fructus

454 943 669 1002 Mariae
712 944 1036 1003 benedictus
1079 946 1153 1003 ad
1192 946 1684 1004 restaurationem
1711 947 1926 1004 ruinae
1953 963 2063 1004 em-

443 1042 740 1115 pyrealiS,
798 1045 1012 1112 ruinae,
1054 1045 1305 1117 inquam,
1348 1043 1532 1102 factae
1570 1045 1627 1101 in
1670 1045 1824 1103 caelo
1877 1062 2068 1119 empy-

452 1156 580 1209 re03
623 1140 689 1197 de
731 1141 836 1200 hoc
877 1142 1074 1200 notare
1120 1158 1438 1214 possumuS‚
1482 1142 1630 1214 quod
1672 1142 1950 1201 Dominus
1995 1144 2061 1202 de

451 1239 699 1296 medulla
753 1240 902 1298 cedri
966 1240 1230 1312 plantare
1291 1240 1485 1298 volens
1548 1240 1690 1298 dixit
1751 1240 2065 1300 Ezechielis

452 1340 661 1398 decimo
724 1338 963 1410 septimo
996 1338 1118 1413 (2):
1172 1338 1251 1395 In
1309 1341 1501 1396 monte
1561 1338 1801 1396 sublimi
1863 1340 2063 1398 Israel

442 1438 731 1512 plantabo
774 1436 947 1509 illud,
989 1440 1044 1494 ct
1084 1439 1346 1509 erumpet
1384 1437 1449 1494 in
1485 1453 1722 1511 germen
1772 1440 1826 1495 et
1883 1435 2060 1507 faciet

450 1535 728 1606 fructum.
775 1535 957 1593 Mons
996 1535 1269 1593 sublimis
1310 1534 1398 1592 est
1440 1535 1698 1592 sublimis
1746 1535 1851 1592 illa.
1909 1553 2063 1594 man-

452 1636 550 1703 sio,
601 1634 859 1692 sublimis
900 1633 1000 1689 illa
1044 1633 1283 1691 societas
1337 1632 1689 1706 angelorum,
1733 1649 1877 1705 quae
1920 1634 2059 1692 bene

450 1750 618 1791 mons
660 1731 856 1791 Israel
897 1731 1122 1801 dicitur,
1165 1732 1297 1805 quia
1337 1732 1522 1791 Israel
1562 1732 1709 1791 visio
1738 1732 1856 1791 Dei
1886 1732 2057 1791 inter-

452 1832 714 1905 pretatur
745 1830 855 1906 (3).
898 1830 976 1887 Et
1016 1832 1166 1888 certe
1225 1831 1413 1903 angeli
1471 1847 1692 1903 semper
1743 1832 1803 1887 in
1847 1832 2062 1889 visione

450 1932 553 1988 Dei
595 1930 748 1998 sunt,
791 1928 1043 1987 testante
1086 1946 1149 1987 eo
1190 1930 1285 2002 qui
1328 1928 1411 1986 ait
1452 1930 1509 1985 in
1552 1928 1867 2001 Evangelio
1918 1930 2061 1987 Mat-

450 2028 603 2086 thaei
635 2028 756 2103 (4):
788 2026 1007 2100 Anyeli
1049 2044 1251 2085 eorum
1293 2028 1355 2085 in
1391 2026 1567 2085 caelis
1605 2041 1830 2097 semper
1867 2026 2063 2085 vident

422 2126 653 2196 ‘facicm
699 2126 909 2183 Patris
950 2126 1082 2198 mei,
1113 2126 1305 2197 quiin
1335 2124 1511 2183 caelis
1552 2127 1651 2183 cst.
1683 2125 1756 2182 In
1784 2124 1899 2184 isto
1937 2126 2060 2190 sul>

444 2225 567 2282 limi
610 2224 816 2292 monte,
860 2225 917 2281 in
960 2223 1074 2281 ista
1117 2224 1344 2281 sublimi
1400 2223 1730 2296 angelorum
1791 2225 2062 2282 societate

448 2322 600 2379 Deus
631 2321 934 2393 plantavit
973 2322 1132 2380 illud
1171 2322 1318 2394 quod
1363 2322 1430 2379 de
1480 2337 1669 2379 massa
1724 2321 2063 2393 perditionis

575 2526 619 2584 1)
656 2524 848 2572 Scilicet
880 2538 938 2572 ex
972 2525 1116 2572 Serm.
1160 2524 1212 2572 in
1245 2524 1385 2572 Cant.
1423 2526 1479 2572 B.
1517 2526 1582 2572 M.
1620 2526 1677 2572 V.
1725 2524 1877 2585 (inter
1923 2541 2064 2588 opera

452 2604 701 2664 Bcrnardi)
740 2619 789 2652 n.
827 2606 871 2652 3.

572 2688 620 2745 2)
658 2686 791 2732 Vers.
829 2686 907 2732 23.

573 2766 621 2825 3)
658 2766 873 2824 Hieron„
909 2767 965 2813 de
1004 2768 1140 2814 Nom.
1177 2768 1322 2814 Hebr.
1362 2767 1583 2828 (Exod.):
1628 2768 1821 2816 «Israel
1858 2771 1944 2817 vir
1978 2778 2069 2820 aut

447 2859 582 2892 mens
615 2846 783 2892 videns
818 2847 1043 2893 Deum».

480 2957 491 2962 Γ
572 2927 621 2986 4)
659 2927 835 2973 Matth.
877 2928 951 2986 18,
994 2928 1066 2974 10.

494 3041 521 3048 Ἴ*
