2237 3481
829 272 1029 320 memo
1070 272 1195 319 xm.
1700 252 1814 316 183

213 471 353 528 luna
394 469 569 528 fuerit
609 469 810 538 Maria,
853 468 1076 542 quando
1117 468 1383 526 aeternus
1417 468 1514 525 ille
1542 467 1631 526 Sol
1663 466 1820 526 totus

216 569 478 641 receptus
520 567 578 626 et
617 567 921 640 conceptus
961 565 1073 625 fuit
1100 568 1158 624 in
1188 567 1332 638 ipsa.
1361 566 1544 623 Maria
1570 581 1705 638 ergo
1732 565 1822 623 est

218 668 320 725 illa
362 667 519 735 luna,
561 666 620 723 in
660 667 820 724 cuius
862 664 1212 737 plenitudine
1267 664 1364 722 ille
1404 665 1491 722 vir
1540 663 1823 722 Ecclesiae

218 765 406 834 rediit,
449 764 516 822 de
558 781 667 838 quo
709 763 1143 822 Proverbiorum
1182 763 1422 835 septimo
1453 761 1542 837 (1)
1584 762 1824 820 dicitur:

218 864 301 921 In
339 861 431 921 die
463 863 677 934 plenae
722 861 898 920 lunae
951 878 1290 920 reversurus
1344 863 1428 920 est
1481 861 1548 919 in
1587 861 1824 919 domwm

216 978 410 1020 suam.
453 961 634 1018 Beata
675 960 852 1033 Virgo
904 960 1015 1018 fuit
1060 960 1201 1018 luna
1255 960 1442 1032 plena,
1498 959 1720 1032 quando
1774 959 1825 1016 ei

220 1060 436 1118 dictum
480 1059 621 1118 fuit:
668 1057 809 1132 Ave,
848 1059 1049 1133 qratia
1078 1059 1286 1131 plena.
1316 1092 1396 1100 —
1436 1058 1604 1128 Item,
1645 1057 1827 1116 electa

219 1161 289 1216 ut
329 1157 422 1216 sol
463 1157 574 1216 fuit
613 1158 797 1216 Maria
837 1158 897 1215 in
923 1157 1273 1215 lucidissima
1300 1154 1680 1226 fecunditatis
1710 1157 1826 1215 sin-

215 1255 562 1333 gularitate,
604 1256 827 1329 quando
856 1272 966 1314 non
997 1255 1163 1314 homo
1193 1272 1390 1328 puruS,
1433 1271 1547 1313 non
1587 1254 1827 1329 angelus

221 1371 412 1424 veruS,
458 1355 554 1412 sed
596 1355 717 1428 ipse
753 1346 863 1413 'Dei
904 1354 1102 1423 Filius,
1155 1354 1276 1426 ipse
1316 1354 1411 1412 Sol
1451 1353 1703 1411 iustitiae
1746 1352 1829 1410 ta-

222 1452 589 1511 bernaculum
621 1469 785 1510 suum
816 1452 1025 1524 posuit,
1053 1452 1186 1509 dum
1229 1453 1288 1508 in
1316 1452 1500 1509 Maria
1526 1450 1828 1524 conceptus

223 1551 353 1609 fuit.
395 1550 575 1610 Valde
615 1551 766 1609 certe
822 1552 1112 1624 singulare
1153 1550 1374 1620 fuisset,
1431 1552 1479 1608 si
1520 1552 1682 1629 virgo
1724 1567 1831 1623 pu-

222 1666 351 1707 rum
392 1648 675 1708 hominem
720 1649 1099 1722 concepisset;
1142 1649 1324 1707 multo
1364 1649 1554 1706 autem
1583 1648 1831 1721 singula·

221 1750 345 1806 rius
408 1748 629 1818 fuisset,
675 1749 723 1807 si
765 1749 927 1823 virgo
983 1748 1249 1822 angelum
1305 1747 1683 1821 concepisset;
1735 1747 1831 1805 sed

222 1863 404 1920 supra
458 1848 647 1905 omnia
709 1847 1225 1921 singularissimum
1289 1845 1415 1913 fuit,
1467 1845 1616 1920 quod
1670 1846 1832 1918 virgo

224 1946 408 2005 Deum
450 1946 723 2018 concepit,
755 1945 932 2003 Deum
977 1946 1218 2017 peperit.
1247 1945 1493 2018 Propter
1519 1944 1666 2018 quod
1692 1944 1832 2002 bene

225 2044 430 2103 beatus
484 2043 846 2117 Augustinus
877 2044 966 2120 (2)
1033 2045 1113 2102 sic
1168 2042 1281 2101 ait:
1348 2065 1379 2094 α
1406 2043 1611 2102 Merito
1666 2042 1833 2101 beata

224 2142 413 2201 Maria
454 2143 733 2216 singulari
763 2159 799 2200 a
827 2142 988 2201 nobis
1020 2143 1315 2214 praeconio
1341 2141 1653 2211 extollitur,
1691 2157 1833 2214 quae

227 2241 521 2313 singulare
562 2241 952 2299 commercium
996 2239 1260 2313 praebuit
1300 2240 1526 2308 munde,
1556 2256 1682 2298 cum
1712 2238 1834 2296 tan-

230 2338 355 2396 tum
414 2355 473 2396 se
515 2338 588 2396 ad
628 2338 769 2397 caeli
811 2338 1045 2411 fastigia
1086 2337 1435 2406 sublimavit,
1477 2338 1545 2395 ut
1586 2336 1833 2396 Verbum

227 2437 382 2510 apud
424 2436 604 2494 Deum
647 2453 883 2494 manens
913 2436 1001 2511 (3)
1045 2436 1112 2510 de
1142 2453 1389 2509 superna
1417 2436 1556 2494 caeli
1583 2452 1711 2494 arce
1749 2452 1836 2493 su·

229 2534 476 2608 sciperet
501 2557 531 2587 »
547 2578 560 2592 .
601 2535 780 2594 Beata
831 2535 1008 2608 igitur
1060 2534 1242 2608 Virgo
1295 2535 1479 2593 Maria
1534 2550 1837 2608 progressa

362 2782 407 2843 1)
444 2782 580 2829 Vers.
616 2781 695 2830 20.

356 2863 408 2923 2)
444 2863 590 2910 Serm.
624 2862 737 2910 208.
771 2863 970 2922 append.
1009 2861 1153 2922 (alias
1186 2863 1263 2911 35.
1299 2863 1356 2910 de
1388 2862 1573 2922 Sanct.)
1609 2877 1659 2911 n.
1693 2863 1741 2910 4.

361 2943 409 3004 3)
446 2943 543 2990 crr.
579 2943 710 2992 Ioau.
752 2943 795 3003 1,
836 2943 878 2989 1.
