2237 3481
850 255 1048 297 Luc'mo
1090 256 1251 298 xvm.
1559 270 1562 277 2
1735 240 1851 298 269

251 448 358 525 cto.
417 445 521 504 Vir
561 446 711 504 certe
754 446 841 505 est
882 448 1215 520 quicumque
1257 447 1374 505 tam
1407 448 1590 505 virilis
1617 448 1737 517 θείη
1767 448 1855 504 vir

248 545 439 603 autem
480 544 588 602 iste
617 545 800 602 virilis
829 561 930 617 pro
958 545 1062 604 hoc
1090 545 1281 604 fructu
1309 545 1662 604 contemnere
1691 546 1856 604 debet

248 660 361 702 non
405 643 586 702 solum
628 660 720 701 res
761 644 819 702 et
861 644 1110 714 divitias,
1157 644 1252 702 sed
1295 646 1465 702 etiam
1515 644 1755 704 honores
1798 646 1855 703 et

249 741 554 815 potentiam,
610 741 798 806 dicens
852 742 994 800 illud
1048 743 1307 801 Indicum
1362 759 1509 803 nouo
1533 742 1655 819 (1):
1712 744 1855 804 Non

237 857 482 913 possum
537 840 788 899 deserere
842 841 1201 900 dulcedinem
1261 858 1451 899 meam
1513 839 1853 915 fructusque

245 940 626 999 suavissimos
683 942 739 997 et
790 941 893 1007 ire,
957 943 1025 997 ut
1083 941 1238 998 inter
1279 943 1467 998 cetera
1511 941 1675 1014 liqna
1712 959 1854 1015 pro-

247 1054 498 1095 movear.
543 1036 895 1096 Suavissimi
932 1037 1168 1108 fruetus
1210 1039 1346 1096 sunt
1381 1038 1646 1097 Christus
1686 1039 1742 1097 et
1768 1057 1854 1098 ca·

248 1136 426 1206 ritas;
491 1135 657 1209 liqna
710 1136 1028 1208 silvarwm,
1092 1138 1240 1195 sicut
1301 1137 1437 1195 dicit
1498 1137 1701 1197 Glossa
1741 1139 1851 1213 (2),

257 1257 286 1286 α
315 1234 453 1292 sunt
492 1234 745 1292 homines
775 1234 1127 1304 infructuosi,
1157 1235 1386 1295 aeterno
1415 1237 1667 1295 incendio
1698 1254 1852 1309 prae-

248 1333 522 1406 parati».
564 1332 755 1406 Igitur
798 1333 1030 1405 propter
1059 1332 1279 1391 fructus
1307 1334 1448 1392 istos
1487 1336 1853 1394 suavissimos

247 1433 334 1489 vir
377 1431 559 1488 virilis
598 1430 924 1489 contemnat
964 1430 1205 1490 honores
1244 1447 1419 1503 super
1462 1432 1629 1505 liqna
1677 1433 1851 1491 silva·

246 1547 380 1587 rum
423 1529 942 1602 periculosissimOS,
985 1530 1227 1587 viriliter
1281 1530 1605 1589 contemnat
1667 1533 1853 1589 omnia

247 1627 480 1700 propter
523 1626 769 1685 frucium
816 1628 1163 1686 benedictum
1194 1645 1364 1700 super
1406 1629 1609 1696 omnia,
1638 1629 1705 1686 de
1742 1647 1851 1701 quo

246 1725 449 1785 beatus
491 1725 817 1784 Bernardus
847 1725 936 1801 (3)
981 1727 1093 1784 ait:
1148 1750 1176 1778 «
1203 1727 1583 1801 singulariter
1638 1727 1851 1786 benedi-

245 1827 372 1883 ctus
413 1822 643 1894 fructus
683 1826 902 1884 ventris
945 1827 1050 1898 tui,
1107 1842 1231 1883 cum
1297 1826 1373 1883 sit
1425 1842 1599 1897 super
1654 1828 1852 1884 omnia

248 1922 576 1982 benedictus
617 1923 780 1981 Deus
822 1924 886 1981 in
925 1924 1162 1983 saecula
1194 1924 1281 1998 (4)
1313 1948 1370 1979 >›.

407 2020 638 2090 Octavo,
699 2023 994 2091 carissimi,
1058 2024 1408 2081 necessarius
1471 2024 1560 2081 est
1630 2023 1850 2082 fructus

246 2119 458 2177 Mariae
510 2119 834 2178 benedictus
896 2121 968 2178 ad
1033 2120 1537 2193 locupletationem
1599 2123 1715 2179 sive
1778 2123 1848 2180 ad

246 2217 611 2290 repletionem
655 2219 886 2275 animae
924 2220 1245 2278 rationalis
1260 2240 1281 2290 ,·
1310 2220 1455 2278 unde
1483 2219 1688 2278 dicitur
1718 2220 1851 2278 Pro-

242 2315 562 2374 verbiorum
624 2316 945 2375 duodecimo
985 2317 1106 2391 (5):
1171 2319 1261 2375 De
1320 2318 1518 2389 fructu
1574 2319 1696 2377 oris
1754 2320 1851 2377 sui

375 2602 393 2647 l
456 2601 590 2648 Vere.
632 2602 709 2648 11.

366 2605 418 2741 2}
457 2682 733 2728 Ordinaria
767 2683 891 2741 apud
919 2683 1152 2741 Lyranum
1176 2682 1225 2728 in
1250 2684 1373 2729 hune
1396 2684 1546 2730 locum
1569 2697 1625 2730 ex
1649 2683 1845 2742 Isidore,

242 2762 435 2821 Quaest.
472 2762 522 2808 in
554 2762 641 2810 lib.
678 2762 828 2810 Iudic.
864 2778 906 2810 c.
942 2764 989 2810 6.
1027 2778 1074 2809 n.
1114 2765 1160 2809 7.

369 2843 417 2903 3)
453 2842 626 2890 Homil.
665 2843 710 2889 3.
747 2857 885 2902 super
922 2844 1105 2890 Missus
1138 2848 1211 2890 est
1244 2858 1291 2890 n.
1326 2845 1374 2889 5.

368 2923 417 2983 4)
456 2924 588 2971 Rom.
624 2924 673 2982 9,
707 2924 756 2970 5.
1507 2927 1557 2984 5)
1593 2926 1729 2972 Vere.
1771 2926 1843 2972 14.
