2237 3481
866 269 1066 311 Luc'no
1108 270 1202 312 xv.
1718 254 1834 311 223

227 458 400 516 etiam
443 459 500 515 in
543 475 794 530 corpore,
822 475 934 517 non
977 459 1160 517 solum
1198 459 1643 518 maledictionem
1674 461 1834 532 spiri-

228 558 462 626 tualem,
508 558 602 615 sed
645 558 815 615 etiam
844 558 1194 630 corporalem
1222 558 1480 627 incurrit,
1511 561 1590 616 sic
1631 559 1835 631 tempe·

228 655 422 714 tantia
449 657 664 713 Mariae
692 673 803 714 non
842 657 1024 715 solum
1062 657 1503 715 benedictionem
1533 659 1588 714 in
1627 659 1835 726 anima,

227 755 327 812 sed
369 755 539 812 etiam
580 756 640 811 in
684 771 934 826 corpore,
986 772 1098 813 non
1163 756 1344 813 solum
1398 756 1832 814 benedictionem

178 932 185 937 -
227 852 605 925 spiritualem,
649 854 746 910 sed
788 852 958 912 etiam
1000 855 1349 926 corporalem
1401 853 1666 912 obtinuit.
1721 856 1838 912 Ma·

224 951 452 1009 ledictio
493 952 640 1008 enim
685 951 836 1009 Evae
877 952 1110 1024 gulosae
1154 952 1263 1008 fuit
1307 969 1503 1024 parere
1566 969 1691 1010 cum
1747 953 1837 1012 do-

228 1051 371 1122 lore,
410 1049 722 1108 benedictio
763 1050 952 1107 autem
982 1051 1196 1107 Mariae
1224 1050 1573 1123 temperatae
1602 1051 1713 1109 fuit
1741 1069 1836 1124 pa·

228 1164 356 1206 rere
399 1148 518 1205 sine
561 1148 769 1215 dolore,
833 1148 978 1205 teste
1040 1148 1206 1206 beato
1248 1149 1537 1207 Bernardo
1568 1148 1677 1224 (1),
1741 1151 1838 1222 qui

223 1247 341 1306 ait:
395 1268 423 1297 ‹<
452 1246 773 1305 Benedicta
815 1248 880 1303 ta
942 1247 1004 1303 in
1061 1247 1424 1320 mulieribus,
1479 1265 1621 1320 quae
1676 1248 1833 1306 illam

223 1345 546 1419 generalem
617 1344 1063 1403 maledictionem
1126 1345 1378 1413 evasisti,
1443 1363 1555 1418 qua
1624 1346 1835 1404 dictum

224 1441 317 1500 est
346 1441 471 1516 (2):
515 1442 597 1499 In
651 1441 851 1500 dolore
881 1443 1086 1513 paries
1127 1441 1322 1512 filiae,-
1371 1442 1432 1500 et
1470 1442 1835 1502 nihilominus

224 1540 386 1598 illam
429 1557 540 1613 qua
570 1541 823 1598 secutum
854 1540 943 1597 est
973 1540 1092 1614 (3):
1141 1540 1469 1598 Maledicta
1508 1541 1729 1600 sterilis
1770 1543 1834 1599 in

225 1639 458 1708 Israel;
498 1655 565 1696 ac
615 1639 962 1711 singularem
1026 1638 1326 1696 consecuta
1387 1655 1447 1696 es
1507 1639 1836 1698 benedictio-

223 1754 375 1806 nem,
418 1737 485 1795 ut
525 1754 626 1796 nec
669 1737 882 1796 sterilis
925 1754 1155 1796 maneas
1195 1754 1297 1795 nec
1338 1754 1461 1796 cum
1504 1737 1693 1797 dolore
1742 1756 1836 1811 pa·

226 1837 348 1893 rias
369 1858 426 1892 ».

388 1934 657 2007 Septimo,
699 1935 1017 2004 audiamus;
1053 1935 1349 2003 carissimi,
1412 1935 1685 2007 quomodo
1749 1934 1835 1993 be-

224 2033 452 2091 nedicta
492 2033 581 2091 est
618 2034 802 2091 Maria
846 2050 948 2106 pro
991 2034 1260 2092 castitate
1301 2033 1499 2092 contra
1527 2033 1830 2092 luxuriam.

223 2132 530 2190 Luxuriosi
558 2149 798 2204 namque
827 2132 1111 2189 maledicti
1142 2131 1295 2200 sunt,
1320 2132 1466 2189 sicut
1495 2130 1834 2190 Deuterono-

224 2231 323 2287 mii
357 2230 627 2303 vigesimo
669 2230 911 2302 septimo
937 2230 1025 2304 (4)
1057 2230 1295 2288 dicitur:
1328 2229 1690 2287 Maledictus
1730 2231 1834 2301 qai

225 2327 446 2386 dormit
471 2344 600 2386 cum
627 2344 806 2387 uxore
824 2330 1093 2401 prooeimi
1121 2327 1235 2401 sui,
1267 2331 1322 2386 et
1349 2328 1499 2386 dicet
1524 2328 1715 2386 omnis
1732 2345 1835 2400 po·

218 2426 440 2499 palus:
481 2424 691 2485 Amen.
736 2426 950 2485 Contra
990 2426 1138 2485 hanc
1178 2426 1618 2484 incontinentiae
1669 2427 1835 2484 male-

223 2523 524 2583 dictionem
546 2524 730 2582 Maria
751 2525 959 2583 meruit
975 2524 1354 2584 continentiae
1376 2523 1833 2597 benedictionem,

356 2775 402 2832 l)
439 2773 613 2821 Homil.
652 2776 697 2822 3.
734 2789 873 2834 super
906 2775 1091 2822 Missus
1125 2780 1197 2822 est
1229 2790 1277 2821 n.
1317 2776 1361 2822 7.

352 2855 402 2915 2)
439 2854 555 2902 Gen.
593 2856 640 2915 3,
680 2856 754 2903 16.
1729 2883 1732 2884 ⁷

352 2937 400 2997 3)
435 2935 585 2983 Exod.
620 2936 700 2994 23,
734 2936 821 2993 263
858 2937 998 2985 Deut.
1037 2937 1083 2996 7,
1124 2935 1195 2983 14.
1489 2934 1538 2995 4)
1577 2936 1711 2983 Vers.
1747 2935 1826 2982 20.
