<?xml version="1.0" encoding="UTF-8"?>
<!DOCTYPE html PUBLIC "-//W3C//DTD XHTML 1.0 Transitional//EN"
    "http://www.w3.org/TR/xhtml1/DTD/xhtml1-transitional.dtd">
<html xmlns="http://www.w3.org/1999/xhtml" xml:lang="en" lang="en">
 <head>
  <title>
</title>
<meta http-equiv="Content-Type" content="text/html;charset=utf-8" />
  <meta name='ocr-system' content='tesseract 3.04.00' />
  <meta name='ocr-capabilities' content='ocr_page ocr_carea ocr_par ocr_line ocrx_word'/>
</head>
<body>
  <div class='ocr_page' id='page_1' title='image "./speculumbeataem00brungoog_0181.png"; bbox 0 0 2237 3481; ppageno 0'>
   <div class='ocr_carea' id='block_1_1' title="bbox 840 252 1800 312">
    <p class='ocr_par' dir='ltr' id='par_1_1' title="bbox 840 252 1800 312">
     <span class='ocr_line' id='line_1_1' title="bbox 840 252 1800 312; baseline 0.001 -1"><span class='ocrx_word' id='word_1_1' title='bbox 840 269 1039 311; x_wconf 78' lang='lat' dir='ltr'>LEGTIO</span> <span class='ocrx_word' id='word_1_2' title='bbox 1081 269 1160 310; x_wconf 82' lang='lat' dir='ltr'><strong>XI.</strong></span> <span class='ocrx_word' id='word_1_3' title='bbox 1686 252 1800 312; x_wconf 87' lang='lat'><strong>147</strong></span> 
     </span>
    </p>
   </div>
   <div class='ocr_carea' id='block_1_2' title="bbox 174 459 1803 2607">
    <p class='ocr_par' dir='ltr' id='par_1_2' title="bbox 184 459 1803 1418">
     <span class='ocr_line' id='line_1_2' title="bbox 193 459 1803 535; baseline 0.001 -16"><span class='ocrx_word' id='word_1_4' title='bbox 193 476 438 535; x_wconf 68' lang='lat' dir='ltr'><strong>sumens</strong></span> <span class='ocrx_word' id='word_1_5' title='bbox 476 461 538 518; x_wconf 91' lang='lat' dir='ltr'><strong>in</strong></span> <span class='ocrx_word' id='word_1_6' title='bbox 580 459 846 518; x_wconf 92' lang='lat' dir='ltr'><strong>rutilanti</strong></span> <span class='ocrx_word' id='word_1_7' title='bbox 874 459 1225 533; x_wconf 88' lang='lat' dir='ltr'><strong>virginitate,</strong></span> <span class='ocrx_word' id='word_1_8' title='bbox 1247 460 1507 531; x_wconf 74' lang='lat' dir='ltr'><strong>pulchra</strong></span> <span class='ocrx_word' id='word_1_9' title='bbox 1548 464 1617 519; x_wconf 79' lang='lat' dir='ltr'><strong>ut</strong></span> <span class='ocrx_word' id='word_1_10' title='bbox 1658 461 1803 521; x_wconf 77' lang='lat' dir='ltr'><strong>luna</strong></span> 
     </span>
     <span class='ocr_line' id='line_1_3' title="bbox 193 558 1801 628; baseline 0.001 -11"><span class='ocrx_word' id='word_1_11' title='bbox 193 560 250 617; x_wconf 92' lang='lat' dir='ltr'><strong>in</strong></span> <span class='ocrx_word' id='word_1_12' title='bbox 296 558 532 617; x_wconf 87' lang='lat' dir='ltr'><strong>micanti</strong></span> <span class='ocrx_word' id='word_1_13' title='bbox 572 558 916 628; x_wconf 82' lang='lat' dir='ltr'><strong>humilitate,</strong></span> <span class='ocrx_word' id='word_1_14' title='bbox 958 558 1139 618; x_wconf 80' lang='lat' dir='ltr'><strong>electa</strong></span> <span class='ocrx_word' id='word_1_15' title='bbox 1179 562 1248 617; x_wconf 80' lang='lat' dir='ltr'><strong>ut</strong></span> <span class='ocrx_word' id='word_1_16' title='bbox 1297 558 1390 617; x_wconf 84' lang='lat' dir='ltr'><strong>sol</strong></span> <span class='ocrx_word' id='word_1_17' title='bbox 1441 560 1502 617; x_wconf 92' lang='lat' dir='ltr'><strong>in</strong></span> <span class='ocrx_word' id='word_1_18' title='bbox 1552 559 1801 618; x_wconf 74' lang='lat' dir='ltr'>radianti</span> 
     </span>
     <span class='ocr_line' id='line_1_4' title="bbox 191 657 1800 732; baseline 0.001 -16"><span class='ocrx_word' id='word_1_19' title='bbox 191 658 453 717; x_wconf 84' lang='lat' dir='ltr'><strong>caritate.</strong></span> <span class='ocrx_word' id='word_1_20' title='bbox 515 658 675 716; x_wconf 81' lang='lat' dir='ltr'><strong>Felix</strong></span> <span class='ocrx_word' id='word_1_21' title='bbox 727 659 823 731; x_wconf 86' lang='lat' dir='ltr'><strong>qui</strong></span> <span class='ocrx_word' id='word_1_22' title='bbox 879 657 984 716; x_wconf 92' lang='lat' dir='ltr'><strong>hos</strong></span> <span class='ocrx_word' id='word_1_23' title='bbox 1040 658 1160 715; x_wconf 90' lang='lat' dir='ltr'><strong>tres</strong></span> <span class='ocrx_word' id='word_1_24' title='bbox 1220 657 1490 732; x_wconf 80' lang='lat' dir='ltr'><strong>fulgoreS,</strong></span> <span class='ocrx_word' id='word_1_25' title='bbox 1533 658 1639 716; x_wconf 84' lang='lat' dir='ltr'><strong>has</strong></span> <span class='ocrx_word' id='word_1_26' title='bbox 1680 658 1800 717; x_wconf 85' lang='lat' dir='ltr'><strong>tres</strong></span> 
     </span>
     <span class='ocr_line' id='line_1_5' title="bbox 191 755 1799 831; baseline 0.002 -18"><span class='ocrx_word' id='word_1_27' title='bbox 191 756 440 815; x_wconf 84' lang='lat' dir='ltr'><strong>virtutes</strong></span> <span class='ocrx_word' id='word_1_28' title='bbox 500 756 717 815; x_wconf 86' lang='lat' dir='ltr'><strong>Mariae</strong></span> <span class='ocrx_word' id='word_1_29' title='bbox 780 755 1008 815; x_wconf 88' lang='lat' dir='ltr'><strong>secutus</strong></span> <span class='ocrx_word' id='word_1_30' title='bbox 1069 755 1261 826; x_wconf 89' lang='lat' dir='ltr'><strong>fuerit,</strong></span> <span class='ocrx_word' id='word_1_31' title='bbox 1326 774 1428 830; x_wconf 86' lang='lat' dir='ltr'><strong>per</strong></span> <span class='ocrx_word' id='word_1_32' title='bbox 1488 774 1631 831; x_wconf 86' lang='lat' dir='ltr'><strong>quas</strong></span> <span class='ocrx_word' id='word_1_33' title='bbox 1672 758 1799 831; x_wconf 83' lang='lat' dir='ltr'><strong>ipsa</strong></span> 
     </span>
     <span class='ocr_line' id='line_1_6' title="bbox 189 854 1795 930; baseline 0.001 -17"><span class='ocrx_word' id='word_1_34' title='bbox 189 856 372 914; x_wconf 92' lang='lat' dir='ltr'><strong>Deum</strong></span> <span class='ocrx_word' id='word_1_35' title='bbox 416 855 474 912; x_wconf 92' lang='lat' dir='ltr'><strong>et</strong></span> <span class='ocrx_word' id='word_1_36' title='bbox 515 854 857 928; x_wconf 79' lang='lat' dir='ltr'><strong>Magistrum</strong></span> <span class='ocrx_word' id='word_1_37' title='bbox 898 856 1147 913; x_wconf 90' lang='lat' dir='ltr'><strong>omnium</strong></span> <span class='ocrx_word' id='word_1_38' title='bbox 1204 854 1483 912; x_wconf 84' lang='lat' dir='ltr'><strong>virtutum</strong></span> <span class='ocrx_word' id='word_1_39' title='bbox 1525 855 1795 930; x_wconf 87' lang='lat' dir='ltr'><strong>concepit,</strong></span> 
     </span>
     <span class='ocr_line' id='line_1_7' title="bbox 186 951 1792 1027; baseline 0 -16"><span class='ocrx_word' id='word_1_40' title='bbox 186 953 443 1011; x_wconf 86' lang='lat' dir='ltr'><strong>testante</strong></span> <span class='ocrx_word' id='word_1_41' title='bbox 503 952 712 1010; x_wconf 91' lang='lat' dir='ltr'><strong>iterum</strong></span> <span class='ocrx_word' id='word_1_42' title='bbox 774 951 939 1011; x_wconf 88' lang='lat' dir='ltr'><strong>beato</strong></span> <span class='ocrx_word' id='word_1_43' title='bbox 1005 952 1296 1011; x_wconf 91' lang='lat' dir='ltr'><strong>Bernardo</strong></span> <span class='ocrx_word' id='word_1_44' title='bbox 1335 951 1444 1027; x_wconf 90' lang='lat'>(1),</span> <span class='ocrx_word' id='word_1_45' title='bbox 1516 954 1614 1027; x_wconf 90' lang='lat' dir='ltr'><strong>qui</strong></span> <span class='ocrx_word' id='word_1_46' title='bbox 1680 954 1792 1011; x_wconf 86' lang='lat' dir='ltr'><strong>ait:</strong></span> 
     </span>
     <span class='ocr_line' id='line_1_8' title="bbox 195 1032 1795 1124; baseline 0.004 -21"><span class='ocrx_word' id='word_1_47' title='bbox 195 1074 225 1103; x_wconf 74' lang='grc' dir='ltr'><strong>α</strong></span> <span class='ocrx_word' id='word_1_48' title='bbox 245 1049 416 1109; x_wconf 85' lang='lat' dir='ltr'><strong>Hanc</strong></span> <span class='ocrx_word' id='word_1_49' title='bbox 452 1049 673 1109; x_wconf 85' lang='lat' dir='ltr'><strong>invenit</strong></span> <span class='ocrx_word' id='word_1_50' title='bbox 713 1049 964 1123; x_wconf 87' lang='lat' dir='ltr'><strong>gratiam</strong></span> <span class='ocrx_word' id='word_1_51' title='bbox 1004 1032 1175 1123; x_wconf 79' lang='lat' dir='ltr'><strong>plena</strong></span> <span class='ocrx_word' id='word_1_52' title='bbox 1217 1051 1329 1108; x_wconf 83' lang='lat' dir='ltr'><strong>iam</strong></span> <span class='ocrx_word' id='word_1_53' title='bbox 1356 1051 1565 1124; x_wconf 88' lang='lat' dir='ltr'><strong>gratia,</strong></span> <span class='ocrx_word' id='word_1_54' title='bbox 1608 1051 1675 1110; x_wconf 92' lang='lat' dir='ltr'><strong>ut</strong></span> <span class='ocrx_word' id='word_1_55' title='bbox 1702 1069 1795 1110; x_wconf 88' lang='lat' dir='ltr'><strong>ca-</strong></span> 
     </span>
     <span class='ocr_line' id='line_1_9' title="bbox 184 1147 1796 1222; baseline 0.001 -15"><span class='ocrx_word' id='word_1_56' title='bbox 184 1148 363 1208; x_wconf 88' lang='lat' dir='ltr'><strong>ritate</strong></span> <span class='ocrx_word' id='word_1_57' title='bbox 403 1147 641 1218; x_wconf 83' lang='lat' dir='ltr'><strong>fervida,</strong></span> <span class='ocrx_word' id='word_1_58' title='bbox 685 1147 1019 1222; x_wconf 83' lang='lat' dir='ltr'><strong>virginitate</strong></span> <span class='ocrx_word' id='word_1_59' title='bbox 1060 1147 1304 1221; x_wconf 89' lang='lat' dir='ltr'><strong>integra,</strong></span> <span class='ocrx_word' id='word_1_60' title='bbox 1347 1148 1671 1208; x_wconf 89' lang='lat' dir='ltr'><strong>humilitate</strong></span> <span class='ocrx_word' id='word_1_61' title='bbox 1701 1151 1796 1208; x_wconf 91' lang='lat' dir='ltr'><strong>de-</strong></span> 
     </span>
     <span class='ocr_line' id='line_1_10' title="bbox 184 1246 1792 1323; baseline 0.001 -17"><span class='ocrx_word' id='word_1_62' title='bbox 184 1248 325 1307; x_wconf 82' lang='lat' dir='ltr'><strong>vota</strong></span> <span class='ocrx_word' id='word_1_63' title='bbox 365 1247 529 1305; x_wconf 87' lang='lat' dir='ltr'><strong>fieret</strong></span> <span class='ocrx_word' id='word_1_64' title='bbox 591 1248 711 1305; x_wconf 92' lang='lat' dir='ltr'><strong>sine</strong></span> <span class='ocrx_word' id='word_1_65' title='bbox 771 1247 924 1304; x_wconf 84' lang='lat' dir='ltr'><strong>virili</strong></span> <span class='ocrx_word' id='word_1_66' title='bbox 984 1246 1376 1306; x_wconf 73' lang='lat' dir='ltr'><strong>commixtione</strong></span> <span class='ocrx_word' id='word_1_67' title='bbox 1400 1247 1489 1323; x_wconf 86' lang='lat'><strong>(2)</strong></span> <span class='ocrx_word' id='word_1_68' title='bbox 1533 1250 1792 1322; x_wconf 88' lang='lat' dir='ltr'><strong>gravida,</strong></span> 
     </span>
     <span class='ocr_line' id='line_1_11' title="bbox 184 1345 1242 1418; baseline -0.007 -13"><span class='ocrx_word' id='word_1_69' title='bbox 184 1348 308 1405; x_wconf 90' lang='lat' dir='ltr'><strong>sine</strong></span> <span class='ocrx_word' id='word_1_70' title='bbox 351 1346 613 1404; x_wconf 80' lang='lat' dir='ltr'><strong>muliebri</strong></span> <span class='ocrx_word' id='word_1_71' title='bbox 653 1345 842 1403; x_wconf 86' lang='lat' dir='ltr'><strong>dolore</strong></span> <span class='ocrx_word' id='word_1_72' title='bbox 884 1362 1163 1418; x_wconf 83' lang='lat' dir='ltr'><strong>puerpera</strong></span> <span class='ocrx_word' id='word_1_73' title='bbox 1185 1368 1242 1401; x_wconf 80' lang='grc'><strong>».</strong></span> 
     </span>
    </p>

    <p class='ocr_par' dir='ltr' id='par_1_3' title="bbox 174 1443 1793 2607">
     <span class='ocr_line' id='line_1_12' title="bbox 348 1443 1793 1518; baseline 0.003 -17"><span class='ocrx_word' id='word_1_74' title='bbox 348 1444 539 1503; x_wconf 84' lang='lat' dir='ltr'><strong>Tertio</strong></span> <span class='ocrx_word' id='word_1_75' title='bbox 580 1443 878 1513; x_wconf 89' lang='lat' dir='ltr'><strong>attendite,</strong></span> <span class='ocrx_word' id='word_1_76' title='bbox 908 1445 1204 1513; x_wconf 81' lang='lat' dir='ltr'><strong>carissimi,</strong></span> <span class='ocrx_word' id='word_1_77' title='bbox 1234 1445 1383 1518; x_wconf 89' lang='lat' dir='ltr'><strong>quod</strong></span> <span class='ocrx_word' id='word_1_78' title='bbox 1410 1446 1683 1518; x_wconf 86' lang='lat' dir='ltr'><strong>quaedam</strong></span> <span class='ocrx_word' id='word_1_79' title='bbox 1720 1447 1793 1505; x_wconf 87' lang='lat' dir='ltr'><strong>fe-</strong></span> 
     </span>
     <span class='ocr_line' id='line_1_13' title="bbox 180 1540 1793 1626; baseline 0.001 -25"><span class='ocrx_word' id='word_1_80' title='bbox 180 1544 263 1601; x_wconf 81' lang='lat' dir='ltr'><strong>lix</strong></span> <span class='ocrx_word' id='word_1_81' title='bbox 303 1558 513 1601; x_wconf 86' lang='lat' dir='ltr'><strong>aurora</strong></span> <span class='ocrx_word' id='word_1_82' title='bbox 554 1541 642 1600; x_wconf 92' lang='lat' dir='ltr'><strong>est</strong></span> <span class='ocrx_word' id='word_1_83' title='bbox 683 1542 866 1599; x_wconf 90' lang='lat' dir='ltr'><strong>Maria</strong></span> <span class='ocrx_word' id='word_1_84' title='bbox 895 1542 1130 1615; x_wconf 89' lang='lat' dir='ltr'><strong>propter</strong></span> <span class='ocrx_word' id='word_1_85' title='bbox 1169 1540 1382 1626; x_wconf 71' lang='lat' dir='ltr'><strong>felieem</strong></span> <span class='ocrx_word' id='word_1_86' title='bbox 1412 1546 1608 1601; x_wconf 77' lang='lat' dir='ltr'><strong>ortum</strong></span> <span class='ocrx_word' id='word_1_87' title='bbox 1647 1544 1793 1604; x_wconf 73' lang='lat' dir='ltr'><strong>solis</strong></span> 
     </span>
     <span class='ocr_line' id='line_1_14' title="bbox 180 1633 1791 1713; baseline 0.001 -14"><span class='ocrx_word' id='word_1_88' title='bbox 180 1641 468 1699; x_wconf 78' lang='lat' dir='ltr'><strong>iustitiae.</strong></span> <span class='ocrx_word' id='word_1_89' title='bbox 513 1640 606 1699; x_wconf 87' lang='lat' dir='ltr'><strong>Sol</strong></span> <span class='ocrx_word' id='word_1_90' title='bbox 646 1657 889 1713; x_wconf 89' lang='lat' dir='ltr'><strong>namque</strong></span> <span class='ocrx_word' id='word_1_91' title='bbox 928 1633 1182 1698; x_wconf 75' lang='lat' dir='ltr'><strong>iustitiae</strong></span> <span class='ocrx_word' id='word_1_92' title='bbox 1226 1641 1489 1699; x_wconf 84' lang='lat' dir='ltr'><strong>Christus</strong></span> <span class='ocrx_word' id='word_1_93' title='bbox 1518 1642 1671 1701; x_wconf 87' lang='lat' dir='ltr'><strong>Deus</strong></span> <span class='ocrx_word' id='word_1_94' title='bbox 1699 1660 1791 1702; x_wconf 90' lang='lat' dir='ltr'><strong>no-</strong></span> 
     </span>
     <span class='ocr_line' id='line_1_15' title="bbox 182 1738 1790 1810; baseline 0.001 -11"><span class='ocrx_word' id='word_1_95' title='bbox 182 1740 324 1809; x_wconf 86' lang='lat' dir='ltr'><strong>ster,</strong></span> <span class='ocrx_word' id='word_1_96' title='bbox 367 1738 649 1798; x_wconf 72' lang='lat' dir='ltr'><strong>mediante</strong></span> <span class='ocrx_word' id='word_1_97' title='bbox 709 1756 916 1798; x_wconf 88' lang='lat' dir='ltr'><strong>aurora</strong></span> <span class='ocrx_word' id='word_1_98' title='bbox 979 1757 1083 1798; x_wconf 90' lang='lat' dir='ltr'><strong>sua</strong></span> <span class='ocrx_word' id='word_1_99' title='bbox 1124 1739 1325 1810; x_wconf 90' lang='lat' dir='ltr'><strong>Maria,</strong></span> <span class='ocrx_word' id='word_1_100' title='bbox 1383 1740 1543 1799; x_wconf 90' lang='lat' dir='ltr'><strong>ortus</strong></span> <span class='ocrx_word' id='word_1_101' title='bbox 1602 1743 1691 1801; x_wconf 90' lang='lat' dir='ltr'><strong>est</strong></span> <span class='ocrx_word' id='word_1_102' title='bbox 1731 1743 1790 1800; x_wconf 91' lang='lat' dir='ltr'><strong>in</strong></span> 
     </span>
     <span class='ocr_line' id='line_1_16' title="bbox 181 1837 1789 1912; baseline 0.001 -15"><span class='ocrx_word' id='word_1_103' title='bbox 181 1839 415 1912; x_wconf 84' lang='lat' dir='ltr'><strong>munde,</strong></span> <span class='ocrx_word' id='word_1_104' title='bbox 459 1838 620 1897; x_wconf 90' lang='lat' dir='ltr'><strong>ortus</strong></span> <span class='ocrx_word' id='word_1_105' title='bbox 660 1837 856 1912; x_wconf 89' lang='lat' dir='ltr'><strong>utique</strong></span> <span class='ocrx_word' id='word_1_106' title='bbox 896 1839 1107 1912; x_wconf 86' lang='lat' dir='ltr'><strong>absque</strong></span> <span class='ocrx_word' id='word_1_107' title='bbox 1147 1839 1265 1898; x_wconf 92' lang='lat' dir='ltr'><strong>ullo</strong></span> <span class='ocrx_word' id='word_1_108' title='bbox 1309 1839 1521 1912; x_wconf 84' lang='lat' dir='ltr'><strong>peceati</strong></span> <span class='ocrx_word' id='word_1_109' title='bbox 1564 1841 1789 1912; x_wconf 89' lang='lat' dir='ltr'><strong>nubilo;</strong></span> 
     </span>
     <span class='ocr_line' id='line_1_17' title="bbox 181 1937 1787 2011; baseline 0 -16"><span class='ocrx_word' id='word_1_110' title='bbox 181 1937 422 2011; x_wconf 88' lang='lat' dir='ltr'><strong>propter</strong></span> <span class='ocrx_word' id='word_1_111' title='bbox 483 1937 630 2010; x_wconf 86' lang='lat' dir='ltr'><strong>quod</strong></span> <span class='ocrx_word' id='word_1_112' title='bbox 698 1953 906 1996; x_wconf 89' lang='lat' dir='ltr'><strong>aurora</strong></span> <span class='ocrx_word' id='word_1_113' title='bbox 973 1938 1088 1995; x_wconf 89' lang='lat' dir='ltr'><strong>ista</strong></span> <span class='ocrx_word' id='word_1_114' title='bbox 1130 1938 1294 1995; x_wconf 83' lang='lat' dir='ltr'><strong>valde</strong></span> <span class='ocrx_word' id='word_1_115' title='bbox 1357 1938 1629 1997; x_wconf 81' lang='lat' dir='ltr'><strong>rutilans·</strong></span> <span class='ocrx_word' id='word_1_116' title='bbox 1658 1939 1787 2010; x_wconf 85' lang='lat' dir='ltr'><strong>fuit,</strong></span> 
     </span>
     <span class='ocr_line' id='line_1_18' title="bbox 180 2035 1788 2112; baseline 0.001 -17"><span class='ocrx_word' id='word_1_117' title='bbox 180 2035 402 2096; x_wconf 90' lang='lat' dir='ltr'><strong>oriente</strong></span> <span class='ocrx_word' id='word_1_118' title='bbox 442 2035 568 2094; x_wconf 89' lang='lat' dir='ltr'><strong>Sole</strong></span> <span class='ocrx_word' id='word_1_119' title='bbox 611 2052 733 2102; x_wconf 90' lang='lat' dir='ltr'><strong>suo,</strong></span> <span class='ocrx_word' id='word_1_120' title='bbox 774 2036 934 2096; x_wconf 84' lang='lat' dir='ltr'><strong>iuxta</strong></span> <span class='ocrx_word' id='word_1_121' title='bbox 976 2037 1118 2094; x_wconf 90' lang='lat' dir='ltr'><strong>illud</strong></span> <span class='ocrx_word' id='word_1_122' title='bbox 1181 2038 1407 2095; x_wconf 88' lang='lat' dir='ltr'><strong>secundi</strong></span> <span class='ocrx_word' id='word_1_123' title='bbox 1449 2038 1664 2112; x_wconf 86' lang='lat' dir='ltr'><strong>Regum</strong></span> <span class='ocrx_word' id='word_1_124' title='bbox 1711 2040 1788 2097; x_wconf 86' lang='lat' dir='ltr'><strong>vi-</strong></span> 
     </span>
     <span class='ocr_line' id='line_1_19' title="bbox 177 2133 1789 2209; baseline 0.001 -16"><span class='ocrx_word' id='word_1_125' title='bbox 177 2135 397 2209; x_wconf 87' lang='lat' dir='ltr'><strong>gesimo</strong></span> <span class='ocrx_word' id='word_1_126' title='bbox 459 2134 628 2193; x_wconf 89' lang='lat' dir='ltr'><strong>tertio</strong></span> <span class='ocrx_word' id='word_1_127' title='bbox 653 2134 774 2209; x_wconf 84' lang='lat'><strong>(3):</strong></span> <span class='ocrx_word' id='word_1_128' title='bbox 841 2133 1008 2194; x_wconf 73' lang='lat' dir='ltr'><strong>Sicut</strong></span> <span class='ocrx_word' id='word_1_129' title='bbox 1070 2134 1173 2193; x_wconf 77' lang='lat' dir='ltr'><strong>lux</strong></span> <span class='ocrx_word' id='word_1_130' title='bbox 1232 2153 1505 2209; x_wconf 79' lang='lat' dir='ltr'><strong>aurorae,</strong></span> <span class='ocrx_word' id='word_1_131' title='bbox 1569 2139 1789 2195; x_wconf 74' lang='lat' dir='ltr'><strong>oriente</strong></span> 
     </span>
     <span class='ocr_line' id='line_1_20' title="bbox 175 2232 1789 2306; baseline 0.001 -15"><span class='ocrx_word' id='word_1_132' title='bbox 175 2232 320 2306; x_wconf 82' lang='lat' dir='ltr'><strong>sole,</strong></span> <span class='ocrx_word' id='word_1_133' title='bbox 362 2249 534 2290; x_wconf 83' lang='lat' dir='ltr'><strong>mane</strong></span> <span class='ocrx_word' id='word_1_134' title='bbox 575 2233 792 2304; x_wconf 77' lang='lat' dir='ltr'><strong>absque</strong></span> <span class='ocrx_word' id='word_1_135' title='bbox 831 2233 1085 2292; x_wconf 77' lang='lat' dir='ltr'><strong>nubibus</strong></span> <span class='ocrx_word' id='word_1_136' title='bbox 1112 2234 1329 2292; x_wconf 78' lang='lat' dir='ltr'><strong>rutilat</strong></span> <span class='ocrx_word' id='word_1_137' title='bbox 1356 2233 1459 2292; x_wconf 88' lang='lat' dir='ltr'><strong>etc.</strong></span> <span class='ocrx_word' id='word_1_138' title='bbox 1489 2234 1630 2293; x_wconf 77' lang='lat' dir='ltr'><strong>Lux</strong></span> <span class='ocrx_word' id='word_1_139' title='bbox 1681 2253 1789 2293; x_wconf 81' lang='lat' dir='ltr'><strong>au-</strong></span> 
     </span>
     <span class='ocr_line' id='line_1_21' title="bbox 174 2330 1785 2407; baseline 0.002 -18"><span class='ocrx_word' id='word_1_140' title='bbox 174 2346 354 2390; x_wconf 83' lang='lat' dir='ltr'><strong>rorae</strong></span> <span class='ocrx_word' id='word_1_141' title='bbox 395 2331 483 2388; x_wconf 87' lang='lat' dir='ltr'><strong>est</strong></span> <span class='ocrx_word' id='word_1_142' title='bbox 522 2331 714 2404; x_wconf 82' lang='lat' dir='ltr'><strong>gratia</strong></span> <span class='ocrx_word' id='word_1_143' title='bbox 755 2330 812 2389; x_wconf 89' lang='lat' dir='ltr'><strong>et</strong></span> <span class='ocrx_word' id='word_1_144' title='bbox 854 2331 1132 2390; x_wconf 84' lang='lat' dir='ltr'><strong>sanctitas</strong></span> <span class='ocrx_word' id='word_1_145' title='bbox 1173 2333 1405 2403; x_wconf 87' lang='lat' dir='ltr'><strong>Mariae,</strong></span> <span class='ocrx_word' id='word_1_146' title='bbox 1448 2350 1561 2407; x_wconf 86' lang='lat' dir='ltr'><strong>qua</strong></span> <span class='ocrx_word' id='word_1_147' title='bbox 1600 2335 1785 2407; x_wconf 89' lang='lat' dir='ltr'><strong>ipsam</strong></span> 
     </span>
     <span class='ocr_line' id='line_1_22' title="bbox 174 2429 1787 2505; baseline 0.002 -18"><span class='ocrx_word' id='word_1_148' title='bbox 174 2429 456 2488; x_wconf 87' lang='lat' dir='ltr'><strong>irradiare</strong></span> <span class='ocrx_word' id='word_1_149' title='bbox 495 2429 765 2502; x_wconf 85' lang='lat' dir='ltr'><strong>dignatus</strong></span> <span class='ocrx_word' id='word_1_150' title='bbox 793 2431 882 2488; x_wconf 90' lang='lat' dir='ltr'><strong>est</strong></span> <span class='ocrx_word' id='word_1_151' title='bbox 922 2446 1289 2503; x_wconf 88' lang='lat' dir='ltr'><strong>processurus</strong></span> <span class='ocrx_word' id='word_1_152' title='bbox 1330 2432 1396 2489; x_wconf 91' lang='lat' dir='ltr'><strong>de</strong></span> <span class='ocrx_word' id='word_1_153' title='bbox 1424 2433 1551 2505; x_wconf 89' lang='lat' dir='ltr'><strong>ipsa</strong></span> <span class='ocrx_word' id='word_1_154' title='bbox 1578 2433 1670 2491; x_wconf 90' lang='lat' dir='ltr'><strong>Sol</strong></span> <span class='ocrx_word' id='word_1_155' title='bbox 1700 2435 1787 2491; x_wconf 92' lang='lat' dir='ltr'><strong>iu-</strong></span> 
     </span>
     <span class='ocr_line' id='line_1_23' title="bbox 175 2528 1782 2607; baseline 0.002 -21"><span class='ocrx_word' id='word_1_156' title='bbox 175 2529 394 2586; x_wconf 86' lang='lat' dir='ltr'><strong>stitiae.</strong></span> <span class='ocrx_word' id='word_1_157' title='bbox 436 2528 518 2587; x_wconf 95' lang='lat' dir='ltr'><strong>De</strong></span> <span class='ocrx_word' id='word_1_158' title='bbox 559 2528 664 2587; x_wconf 88' lang='lat' dir='ltr'><strong>hoc</strong></span> <span class='ocrx_word' id='word_1_159' title='bbox 724 2529 861 2587; x_wconf 87' lang='lat' dir='ltr'><strong>bene</strong></span> <span class='ocrx_word' id='word_1_160' title='bbox 923 2528 1125 2587; x_wconf 84' lang='lat' dir='ltr'><strong>beatus</strong></span> <span class='ocrx_word' id='word_1_161' title='bbox 1173 2530 1499 2589; x_wconf 88' lang='lat' dir='ltr'><strong>Bernardus</strong></span> <span class='ocrx_word' id='word_1_162' title='bbox 1528 2531 1617 2607; x_wconf 89' lang='lat'><strong>(4)</strong></span> <span class='ocrx_word' id='word_1_163' title='bbox 1668 2533 1782 2590; x_wconf 88' lang='lat' dir='ltr'><strong>ait:</strong></span> 
     </span>
    </p>
   </div>
   <div class='ocr_carea' id='block_1_3' title="bbox 176 2646 505 2655">
    <p class='ocr_par' dir='ltr' id='par_1_4' title="bbox 176 2646 505 2655">
     <span class='ocr_line' id='line_1_24' title="bbox 176 2646 505 2655; baseline 0 826"><span class='ocrx_word' id='word_1_164' title='bbox 176 2646 505 2655; x_wconf 95' lang='lat' dir='ltr'><strong> </strong></span> 
     </span>
    </p>
   </div>
   <div class='ocr_carea' id='block_1_4' title="bbox 173 2696 1814 2986">
    <p class='ocr_par' dir='ltr' id='par_1_5' title="bbox 308 2696 1199 2760">
     <span class='ocr_line' id='line_1_25' title="bbox 308 2696 1199 2760; baseline 0 -16"><span class='ocrx_word' id='word_1_165' title='bbox 308 2698 355 2757; x_wconf 87' lang='lat'><strong>1)</strong></span> <span class='ocrx_word' id='word_1_166' title='bbox 391 2698 501 2744; x_wconf 81' lang='lat' dir='ltr'><strong>Loc.</strong></span> <span class='ocrx_word' id='word_1_167' title='bbox 537 2696 624 2744; x_wconf 83' lang='lat' dir='ltr'><strong>cit.</strong></span> <span class='ocrx_word' id='word_1_168' title='bbox 660 2712 708 2744; x_wconf 87' lang='lat' dir='ltr'><strong>n.</strong></span> <span class='ocrx_word' id='word_1_169' title='bbox 747 2697 822 2744; x_wconf 80' lang='lat'><strong>12.</strong></span> <span class='ocrx_word' id='word_1_170' title='bbox 1193 2758 1199 2760; x_wconf 11' lang='grc' dir='ltr'>ἡ</span> 
     </span>
    </p>

    <p class='ocr_par' dir='ltr' id='par_1_6' title="bbox 302 2777 1814 2841">
     <span class='ocr_line' id='line_1_26' title="bbox 302 2777 1814 2841; baseline 0.003 -16"><span class='ocrx_word' id='word_1_171' title='bbox 302 2779 354 2838; x_wconf 82' lang='lat'><strong>2)</strong></span> <span class='ocrx_word' id='word_1_172' title='bbox 389 2779 568 2825; x_wconf 87' lang='lat' dir='ltr'><strong>Textus</strong></span> <span class='ocrx_word' id='word_1_173' title='bbox 600 2777 852 2836; x_wconf 84' lang='lat' dir='ltr'><strong>originalis</strong></span> <span class='ocrx_word' id='word_1_174' title='bbox 886 2780 1180 2838; x_wconf 75' lang='lat' dir='ltr'><strong>coynitione.</strong></span> <span class='ocrx_word' id='word_1_175' title='bbox 1478 2781 1525 2841; x_wconf 90' lang='lat'><strong>3)</strong></span> <span class='ocrx_word' id='word_1_176' title='bbox 1561 2781 1697 2828; x_wconf 78' lang='lat' dir='ltr'><strong>VerS.</strong></span> <span class='ocrx_word' id='word_1_177' title='bbox 1732 2781 1780 2829; x_wconf 87' lang='lat'><strong>4.</strong></span> <span class='ocrx_word' id='word_1_178' title='bbox 1811 2836 1814 2841; x_wconf 50' lang='lat'>‚</span> 
     </span>
    </p>

    <p class='ocr_par' dir='ltr' id='par_1_7' title="bbox 173 2858 1780 2986">
     <span class='ocr_line' id='line_1_27' title="bbox 300 2858 1780 2920; baseline 0.003 -15"><span class='ocrx_word' id='word_1_179' title='bbox 300 2858 353 2919; x_wconf 84' lang='lat'><strong>4)</strong></span> <span class='ocrx_word' id='word_1_180' title='bbox 388 2859 554 2906; x_wconf 83' lang='lat' dir='ltr'><strong>Potius</strong></span> <span class='ocrx_word' id='word_1_181' title='bbox 594 2859 812 2918; x_wconf 65' lang='lat' dir='ltr'><strong>Egbert„</strong></span> <span class='ocrx_word' id='word_1_182' title='bbox 857 2859 1003 2907; x_wconf 87' lang='lat' dir='ltr'><strong>Serm.</strong></span> <span class='ocrx_word' id='word_1_183' title='bbox 1057 2875 1228 2920; x_wconf 81' lang='lat' dir='ltr'><strong>paneg.</strong></span> <span class='ocrx_word' id='word_1_184' title='bbox 1274 2862 1334 2908; x_wconf 81' lang='lat' dir='ltr'><strong>ad</strong></span> <span class='ocrx_word' id='word_1_185' title='bbox 1379 2862 1434 2909; x_wconf 90' lang='grc' dir='ltr'><strong>Β.</strong></span> <span class='ocrx_word' id='word_1_186' title='bbox 1479 2863 1544 2909; x_wconf 85' lang='grc' dir='ltr'><strong>Μ.</strong></span> <span class='ocrx_word' id='word_1_187' title='bbox 1589 2863 1646 2910; x_wconf 87' lang='lat' dir='ltr'><strong>V.</strong></span> <span class='ocrx_word' id='word_1_188' title='bbox 1691 2864 1780 2910; x_wconf 74' lang='lat' dir='ltr'><strong>loc·</strong></span> 
     </span>
     <span class='ocr_line' id='line_1_28' title="bbox 173 2938 433 2986; baseline 0.004 -1"><span class='ocrx_word' id='word_1_189' title='bbox 173 2938 262 2986; x_wconf 81' lang='lat' dir='ltr'><strong>eit.</strong></span> <span class='ocrx_word' id='word_1_190' title='bbox 300 2953 351 2986; x_wconf 90' lang='lat' dir='ltr'><strong>n.</strong></span> <span class='ocrx_word' id='word_1_191' title='bbox 386 2938 433 2986; x_wconf 87' lang='lat'><strong>4.</strong></span> 
     </span>
    </p>
   </div>
  </div>
 </body>
</html>
