2237 3481
419 264 496 325 54
929 280 1219 327 spncnmm
1243 280 1311 329 713.
1354 280 1417 326 Μ.
1459 281 1515 328 v.

413 479 643 551 Maria,
713 478 985 537 invenisti
1048 477 1203 536 enim
1259 478 1525 551 qratiam
1587 480 1749 551 apud
1806 479 2016 537 Deum.

413 577 583 648 Ecce,
640 577 922 648 concipies
981 577 1048 633 in
1107 579 1272 634 utero
1315 576 1419 635 etc.
1477 576 1649 645 Nota,
1692 577 1838 649 quod
1893 576 2020 635 dici-

414 674 538 732 tur:
585 676 858 733 invenisti
895 675 1175 748 qratiam.
1220 674 1527 747 Nunquam
1570 662 1753 732 Maria
1794 674 2014 732 taniam

411 773 659 845 gratiam
701 772 1032 845 invenisset,
1061 773 1171 829 nisi
1210 772 1403 845 gratia
1430 772 1669 830 Mariam
1710 774 1768 830 in
1811 773 1932 831 cibo
1962 773 2019 831 et

413 872 550 943 potu
612 870 1142 943 temperatissimam
1200 870 1527 929 invenisset.
1569 871 1699 930 Non
1755 873 1903 929 enim
1959 888 2017 932 se

413 969 838 1041 compatiuntur
878 970 1067 1041 gratia
1109 968 1168 1026 et
1195 969 1350 1043 gula,
1378 971 1509 1041 quia
1538 969 1883 1042 impossibile
1911 970 2015 1039 est,

412 1068 557 1140 quod
599 1067 765 1125 homo
808 1067 976 1125 simul
1017 1068 1093 1124 sit
1137 1084 1236 1140 per
1274 1067 1519 1140 gratiam
1566 1066 1681 1126 Deo
1721 1068 1925 1141 gratus
1961 1067 2019 1126 et

412 1184 512 1238 per
572 1166 766 1238 gulam
828 1165 1110 1238 ingratus
1156 1165 1372 1224 Bonum
1436 1182 1570 1238 ergo
1621 1165 1710 1223 est
1768 1166 2016 1239 gratiam

410 1281 676 1336 quaerere
718 1264 775 1322 et
818 1263 1010 1337 fugere
1065 1263 1279 1335 gulam,
1338 1264 1484 1322 sicut
1537 1264 1742 1322 dicitur
1798 1264 1870 1322 ad
1911 1265 2021 1323 He-

410 1363 608 1420 braeos
669 1363 877 1421 decimo
940 1362 1108 1420 tertio
1140 1361 1261 1436 (1):
1332 1361 1630 1434 Optimum
1677 1366 1763 1420 est
1816 1363 2021 1435 qratia

407 1462 674 1518 stabilire
704 1479 820 1533 cor,
852 1478 971 1519 non
999 1461 1160 1533 escis,
1193 1458 1341 1533 quae
1368 1477 1488 1519 non
1507 1458 1876 1533 profuerunt
1901 1479 2021 1519 am-

408 1559 744 1617 bulantibus
779 1559 845 1616 in
873 1559 974 1617 eis.
1002 1558 1158 1617 Nota
1186 1559 1375 1626 etiam,
1404 1559 1551 1632 quod
1579 1558 1814 1617 dicitur:
1846 1560 2019 1632 Ecce,

409 1658 689 1728 concipies
754 1658 819 1714 in
877 1661 1061 1715 utero.
1125 1656 1432 1730 Nunquam
1487 1656 1669 1714 Maria
1726 1656 1902 1715 Deum
1960 1659 2018 1715 in

405 1758 566 1814 utero
628 1757 991 1828 concepisset,
1050 1758 1098 1814 si
1139 1757 1283 1815 idem
1345 1757 1544 1814 uterus
1586 1756 1784 1815 contra
1836 1757 2018 1814 Deum

404 1856 738 1928 crapulosus
780 1855 999 1923 fuisset,
1046 1857 1093 1913 si
1142 1856 1341 1914 uterus
1369 1856 1466 1913 ille
1494 1872 1646 1914 mero
1675 1855 2018 1925 aestuasset,

405 1971 529 2012 cum
583 1977 609 2005 «
641 1954 837 2012 venter
881 1970 1030 2012 mero
1061 1954 1150 2029 (2)
1196 1956 1466 2012 aestuans
1494 1954 1604 2012 cito
1632 1954 1931 2028 despumet
1959 1955 2019 2012 in

405 2052 690 2110 libidinem
716 2052 884 2126 (3)».
916 2052 1126 2110 Uterus
1158 2069 1290 2126 ergo
1319 2053 1433 2123 ille,
1454 2053 1549 2125 qui
1578 2051 1693 2111 Deo
1722 2054 2021 2112 incarnato

406 2150 742 2223 gravidatus
784 2151 887 2218 est,
929 2168 1219 2223 nunquam
1282 2152 1402 2209 cibo
1443 2151 1501 2209 et
1562 2151 1699 2224 potu
1741 2150 2022 2223 intempe-

406 2249 530 2307 rato
551 2248 828 2321 gravatus
857 2249 962 2306 est.
992 2249 1151 2306 Unde
1178 2249 1423 2308 Ioannes
1467 2248 1901 2323 Chrysostomus
1924 2250 2019 2324 (4)

405 2348 515 2405 ait:
569 2371 598 2399 <<
629 2347 1006 2407 Comessatrix
1046 2349 1149 2405 aut
1177 2348 1465 2407 vinolenta
1502 2348 1684 2406 Maria
1724 2365 2019 2421 nunquam

536 2621 593 2694 1)Δ
618 2636 750 2682 Vers.
788 2635 835 2681 9.

529 2716 578 2774 2)
619 2715 707 2761 Hic
741 2717 790 2760 et
824 2713 980 2760 subito
1013 2715 1122 2772 post
1153 2713 1192 2760 A
1227 2713 1346 2771 legit
1377 2718 1552 2761 niu-sto.

531 2797 579 2854 3)
617 2795 833 2853 Hieron.‚
868 2795 1023 2854 Epist.
1061 2796 1139 2842 69.
1179 2793 1320 2854 (alias
1354 2794 1453 2853 83.)
1491 2808 1538 2841 n.
1575 2794 1622 2841 9.

527 2876 578 2936 4)
615 2876 787 2922 Homil.
829 2876 870 2922 1.
909 2875 957 2921 in
993 2876 1171 2923 Matth.
1202 2876 1306 2935 (Op.
1349 2875 1533 2934 imperf.
1568 2874 1697 2922 inter
1718 2890 1793 2935 op.
1819 2874 2020 2937 Chrys.)

402 2957 510 3017 post
542 2957 741 3006 medium
778 2957 974 3017 (Migne,
1011 2957 1145 3004 Patr.
1182 2956 1345 3005 (ἢκ-1,.
1391 2958 1431 3003 t.
1466 2958 1546 3005 56.
1584 2958 1674 3004 col.
1711 2957 1865 3019 632.).
