2237 3481
855 274 1054 317 mc'rm
1096 275 1199 317 x11.
1715 257 1828 319 167

224 470 392 525 mata
433 465 654 536 fuisset,
682 467 935 525 extendit
961 467 1032 524 ad
1061 483 1182 525 eam
1214 484 1311 524 rex
1336 467 1565 539 viryam
1592 482 1833 524 auream

225 567 301 625 ad
345 564 775 625 confortandam
802 567 1007 639 ipsam.
1035 566 1247 624 Esther
1287 564 1703 637 interpretatur
1721 565 1834 622 ele-

228 666 369 724 vata
414 667 503 724 vel
546 663 887 724 abscondita
918 664 1026 739 (1),
1071 664 1131 723 et
1171 664 1364 737 signat
1415 664 1662 721 animam
1705 680 1835 722 con-

229 763 649 837 templativam,
679 781 849 837 quam
876 765 936 821 in
963 761 1438 835 contemplatione
1467 761 1654 820 elevat
1681 744 1834 820 Deus

227 862 287 921 et
329 862 632 921 abscondit
670 863 736 919 in
775 863 1108 921 abscondito
1149 859 1324 930 faciei
1363 877 1504 919 suae
1532 878 1569 934 a
1610 863 1836 919 contur-

229 960 462 1018 batione
503 959 806 1017 hominum
834 959 942 1034 (2).
986 958 1114 1017 Ista
1163 975 1264 1031 per
1289 958 1835 1031 'contemplationem

225 1058 552 1136 ingreditur
593 1058 665 1115 ad
707 1074 895 1131 regem
936 1057 1269 1126 Assuerum‚
1310 1057 1384 1115 ad·
1424 1057 1630 1130 Regem
1674 1056 1837 1114 Chri-

227 1157 415 1227 stum3
459 1156 609 1214 duae
638 1156 898 1229 paellae,
941 1173 1067 1214 cum
1102 1156 1307 1230 quibus
1336 1155 1672 1229 ingreditur,
1700 1154 1838 1213 sunt

225 1255 372 1313 duae
396 1255 547 1312 vires
567 1256 805 1324 animae,
830 1253 1091 1312 videlicet
1117 1253 1485 1322 intellectiva,
1508 1270 1651 1327 quae
1677 1270 1836 1326 prae-

225 1341 379 1411 cedit
420 1370 522 1425 per
564 1353 958 1426 cognitionem,
987 1353 1046 1410 et
1072 1351 1351 1421 affectiva,
1397 1368 1539 1425 quae
1580 1351 1838 1425 sequitur

230 1467 335 1523 per
376 1451 752 1510 dilectionem.
784 1452 991 1509 Anima
1031 1450 1242 1518 autem,
1271 1467 1413 1523 quae
1456 1451 1535 1508 sic
1562 1450 1634 1507 ad
1678 1449 1833 1507 Chri-

230 1549 384 1608 stum
453 1549 591 1607 bene
651 1550 909 1622 ingressa
972 1548 1162 1618 fuerit,
1225 1550 1352 1621 ipsa
1414 1565 1548 1620 prae
1605 1548 1838 1620 stupore

228 1648 566 1722 quandoque
615 1666 650 1705 a
693 1664 751 1705 se
792 1647 997 1716 deficit,
1039 1648 1172 1705 dum
1214 1647 1647 1705 inaccessibilem
1693 1647 1837 1705 divi-

224 1766 336 1807 nae
379 1749 595 1821 gloriae
624 1747 945 1806 claritatem
989 1748 1078 1805 vel
1118 1747 1369 1805 terribile
1410 1747 1633 1806 divinae
1671 1746 1838 1804 iusti-

231 1848 348 1906 tiae
378 1846 741 1905 severitatem
770 1845 1035 1904 attendit.
1065 1846 1244 1918 Virga
1271 1862 1461 1915 aurea,
1491 1846 1655 1919 virga
1682 1846 1838 1918 regia

227 1947 321 2005 est
362 1947 466 2003 illa
506 1962 698 2013 aurea,
739 1945 842 2002 illa
870 1946 1026 2018 regia
1054 1945 1231 2018 Virgo
1259 1944 1470 2002 Maria:
1502 1960 1686 2002 aurea
1713 1944 1838 2016 qui-

226 2046 355 2103 dem
397 2044 697 2112 charitate,
738 2044 905 2117 reyia
946 2060 1080 2101 vero
1118 2042 1447 2113 nobilitate;
1490 2057 1675 2100 aurea
1701 2058 1838 2114 quo-

230 2160 341 2217 que
385 2160 489 2215 per
542 2141 901 2211 munditiam,
956 2142 1126 2215 reaia
1187 2158 1317 2200 vero
1373 2157 1474 2213 per
1525 2140 1836 2209 iustitiam3

227 2257 419 2300 aurea
462 2243 694 2313 insuper
721 2258 822 2313 per
851 2240 1328 2313 incorruptionem
1364 2239 1421 2297 et
1447 2238 1836 2312 integritatem

228 2340 590 2413 virginalem,
633 2340 798 2412 reyia
841 2356 972 2398 vero
1014 2356 1114 2411 per
1154 2337 1590 2397 dominationem
1640 2337 1698 2395 et
1741 2353 1839 2409 po-

227 2437 502 2497 testatem
550 2438 816 2510 regalem.
873 2437 1027 2495 Haec
1076 2436 1210 2494 felix
1266 2437 1427 2509 virga
1469 2436 1540 2493 ad
1590 2436 1836 2494 animam

226 2535 735 2608 contemplativam
783 2535 1209 2594 confortandam
1252 2534 1554 2593 clementer
1596 2534 1839 2594 extendi-

229 2635 349 2703 tur,
393 2633 620 2706 quando
661 2632 794 2691 felix
833 2632 1010 2706 Virgo
1052 2632 1236 2690 Maria
1279 2631 1742 2705 contemplationi
1781 2631 1840 2691 et

364 2864 408 2924 1)
445 2864 563 2911 Vide
595 2852 737 2924 supra
770 2877 882 2924 pag.
916 2863 974 2910 91
1011 2865 1172 2910 notam
1210 2864 1254 2910 1.
1327 2850 1331 2855 ⁴

358 2946 409 3005 2)
446 2945 621 2993 Psalm.
657 2944 735 3002 30,
769 2944 850 2991 21.
