2237 3481
389 216 507 277 114
896 235 1188 279 spucumm
1229 236 1281 277 B.
1322 236 1384 278 Μ.
1429 235 1486 280 v.

388 427 539 486 mino
592 427 704 487 isto
766 426 1046 501 propheta
1075 427 1165 502 (1)
1232 427 1353 485 ait:
1406 425 1639 500 Omnia,
1682 443 2002 500 quaecum-

388 541 498 599 que
536 526 738 599 voluit,
783 527 1080 584 Dominus
1121 524 1289 595 fecit.-
1326 527 1391 583 in
1417 523 1594 599 chela,
1622 526 1689 584 in
1721 529 1901 599 terra,
1934 527 2006 583 in

386 624 547 682 mari
587 627 643 682 et
683 625 745 681 in
786 624 1054 682 ommibus
1096 623 1346 697 abyssis,
1387 624 1540 696 Ergo
1581 640 1684 682 nec
1724 625 1782 681 in
1824 624 2002 682 caelis

386 738 490 781 nec
527 723 587 780 in
628 721 799 780 terris
840 738 942 788 nec
980 723 1038 779 in
1082 722 1343 780 omnibus
1384 721 1589 780 inferni
1629 721 1853 795 abyssis
1896 738 2001 781 vo-

385 820 600 878 luntati
647 821 767 878 tam
818 819 1196 893 potentissimi
1246 820 1470 878 Domini
1521 820 1786 878 resistere
1836 822 2004 893 quis-

387 935 558 992 quam
603 918 810 992 potest‚
852 918 998 976 teste
1040 918 1427 991 Mardochaeo,
1472 919 1568 991 qui
1607 918 1674 976 de
1715 918 1828 976 isto
1887 918 1997 978 Do-

389 1018 540 1076 mino
600 1018 684 1075 ait
748 1016 958 1074 Esther
1020 1016 1342 1075 duodecimo
1373 1015 1495 1090 (2):
1562 1016 1832 1089 Domine,
1890 1033 2001 1075 rex

389 1116 768 1188 omnipotens,
812 1117 875 1173 in
916 1116 1138 1173 ditione
1179 1118 1284 1173 tua
1324 1118 1535 1172 cuncta
1582 1116 1726 1173 sunt
1771 1115 2001 1189 posita,

389 1216 445 1272 et
482 1230 603 1272 non
643 1216 727 1272 est
767 1214 870 1285 qui
921 1216 1055 1271 tuae
1104 1214 1300 1285 possit
1358 1214 1620 1271 resistere
1677 1213 2000 1271 voluntat&

388 1312 547 1381 Ecce,
590 1312 791 1380 Maria,
833 1311 1083 1384 quantus
1125 1312 1400 1369 Dominus
1441 1311 1546 1379 est,
1589 1327 1760 1383 quam
1804 1311 2005 1383 poten·

391 1411 650 1469 tissimus
699 1410 974 1468 Dominus
1029 1409 1135 1479 est,
1179 1411 1276 1482 qui
1335 1409 1518 1467 tecum
1559 1409 1678 1467 est!
1723 1409 1802 1467 Et
1864 1412 2003 1483 quia

274 1556 278 1560 ⁴
390 1509 664 1569 Dominus
718 1508 1146 1581 potentissimus
1203 1508 1593 1580 potentissime
1648 1508 1738 1565 est
1789 1508 2001 1579 tecum,

389 1608 512 1667 ideo
554 1608 613 1665 et
658 1607 724 1666 tu
778 1624 838 1666 es
898 1607 1294 1679 potentissima
1349 1624 1555 1676 secum,
1598 1606 2003 1679 potentissima

392 1723 452 1765 es
496 1723 595 1780 per
637 1706 842 1779 ipsum,
887 1705 1284 1779 potentissima
1332 1704 1485 1778 apud
1538 1706 1748 1778 ipsum,
1788 1705 1875 1763 ita
1936 1706 2004 1764 ut

389 1821 520 1864 vere
587 1805 768 1863 dicere
830 1805 1012 1876 possis
1074 1804 1217 1862 illud
1279 1803 1660 1862 Ecclesiastici
1722 1804 2003 1876 vigesimo

390 1903 596 1978 quarto
626 1903 748 1978 (3):
791 1903 872 1961 In
914 1901 1240 1960 Ierusalem
1271 1905 1534 1974 potestas
1573 1917 1721 1960 mea.
1762 1902 2004 1962 Ierusa-

393 2002 504 2061 lem
553 2001 747 2075 signat
806 2001 1112 2059 Ecclesiam
1178 1998 1627 2072 triumphantem
1681 2001 1741 2057 in
1804 2001 2003 2070 caeliS,

391 2099 585 2175 signat
623 2100 794 2157 etiam
823 2099 1131 2157 Ecclesiam
1169 2097 1509 2156 militantem
1537 2098 1596 2156 in
1624 2097 1817 2156 terris.
1845 2099 2002 2157 Nam

391 2216 521 2258 vere
568 2197 686 2255 tam
727 2198 787 2254 iu
828 2198 998 2254 caelis
1060 2213 1228 2269 quam
1292 2196 1350 2254 in
1416 2195 1587 2254 terris
1651 2197 2000 2269 potestatem

390 2297 564 2356 habet
604 2296 787 2355 mater
829 2295 1224 2369 potentissima
1261 2294 1565 2354 creatoris,
1596 2295 1775 2363 Quam
1807 2295 2005 2367 poten-

390 2396 667 2454 tissimam
693 2394 1039 2468 recognoscit
1059 2394 1384 2463 AnselmuS,
1413 2410 1538 2451 cum
1574 2409 1745 2451 orans
1772 2393 1859 2450 ait
1875 2393 2000 2468 (4):

401 2517 431 2547 α
459 2494 677 2552 Exaudi
727 2495 838 2566 pia,
880 2493 1076 2563 adesto
1140 2492 1405 2565 propitia,
1448 2492 1656 2550 adiuva
1718 2491 2006 2564 potentis-

394 2594 555 2662 sima,
599 2592 665 2650 ut
706 2591 1051 2650 mundentur
1093 2591 1286 2649 sordes
1327 2590 1533 2648 mentis
1574 2606 1748 2660 meae,
1776 2590 1846 2648 ut
1874 2591 2003 2649 illu-

522 2827 566 2886 1)
604 2826 778 2872 Psalm.
817 2823 924 2884 134,
960 2823 1007 2870 6.
1691 2820 1742 2881 2)
1777 2821 1915 2868 Vers.
1949 2822 1996 2869 9.

136 2910 381 3015 Ἢ
519 2907 567 2966 3)
603 2907 736 2953 Vers.
776 2905 852 2951 15.
1676 2900 1728 2961 4)
1764 2901 1873 2949 Loc.
1911 2901 1999 2950 cit.

392 3030 403 3039 μ

406 3046 471 3111 '³:22

464 3130 489 3147 uk
