2237 3481
908 273 1109 317 mci-10
1150 274 1203 314 x.
1741 181 1860 316 ἱ135
1911 321 1914 322 ⁷

254 462 482 522 iustitia
523 463 594 521 ad
637 463 913 533 timorem,
955 464 1115 522 cuius
1158 464 1438 537 sapientia
1491 464 1563 521 ad
1617 464 1862 537 agnitio—

254 579 405 631 nem,
448 562 609 619 cuius
647 562 832 635 gloria
887 562 960 619 ad
1014 579 1168 635 spem
1225 579 1329 621 nos
1382 562 1617 620 inducit.
1678 562 1863 621 Maria

253 675 392 732 ergo
433 659 524 717 est
564 660 746 717 mater
774 661 893 718 eius
921 661 1079 718 cuius
1120 660 1370 718 effective
1400 658 1488 735 (1)
1534 660 1624 718 est
1663 659 1864 719 nostra

253 758 483 816 dilectio
527 774 628 830 per
670 759 1125 828 misericordiam,
1155 758 1349 817 noster
1378 758 1547 817 timor
1577 775 1677 831 per
1706 758 1863 816 iusti-

254 856 417 925 tiam,
461 856 662 914 nostra
701 857 919 929 agnitio
963 873 1063 929 per
1105 857 1462 929 sapientiam,
1505 856 1704 915 nostra
1733 872 1864 928 spes

255 971 359 1028 per
402 954 664 1028 gloriam,
707 955 773 1012 ut
814 972 944 1013 vere
987 956 1113 1027 ipsa
1142 955 1322 1013 dicero
1364 956 1548 1028 possit
1584 955 1727 1013 illud
1757 954 1865 1013 Ec-

254 1053 562 1111 clesiastici
606 1054 876 1126 vigesimo
918 1054 1122 1126 quarto
1153 1053 1275 1128 (2):
1324 1054 1459 1127 Eyo
1512 1055 1699 1111 mater
1728 1053 1864 1125 puz-

253 1150 435 1208 chrae
463 1149 790 1209 dilectionis
812 1153 868 1208 et
890 1151 1120 1210 timoris
1140 1153 1196 1209 et
1216 1151 1537 1224 agnitionis·
1556 1154 1611 1208 et
1627 1153 1864 1209 sanctae

253 1250 403 1321 spei.
431 1281 513 1290 —
539 1249 642 1307 Sed
685 1249 940 1322 nunquid
976 1249 1152 1308 solius
1184 1249 1395 1308 Christi
1425 1249 1607 1307 mater
1632 1250 1722 1307 est
1747 1249 1865 1307 Ma-

254 1349 389 1407 ria?
421 1348 605 1407 Immo
648 1365 794 1418 vere,
839 1349 987 1421 quod
1028 1349 1489 1407 iucundissimum
1533 1348 1639 1418 est,
1680 1349 1865 1406 Maria

253 1464 370 1507 non
401 1446 585 1506 solum
614 1447 796 1505 mator
824 1447 913 1506 est
955 1447 1170 1506 Christi
1212 1448 1538 1521 singularia,
1570 1447 1666 1505 sed
1693 1448 1863 1505 etiam

255 1546 444 1605 mater
485 1547 732 1604 omnium
775 1546 1023 1604 fidolium
1068 1546 1440 1617 universali33
1482 1545 1629 1604 unde
1663 1545 1865 1603 beatus

256 1643 597 1702 Ambrosius
639 1645 752 1701 ait:
806 1667 834 1696 «
862 1645 921 1702 Si
962 1644 1226 1703 Christus
1266 1644 1610 1703 credentium
1641 1643 1729 1702 est
1755 1643 1865 1702 fra-

256 1743 367 1813 ter,
411 1760 513 1801 cur
554 1760 665 1805 non
730 1745 874 1816 ipsa,
923 1761 1065 1817 quas
1127 1745 1325 1817 genuit
1386 1743 1697 1813 Christum,
1752 1759 1864 1802 cre·

256 1841 515 1900 dentium
558 1842 647 1900 ost
688 1842 871 1900 mater
899 1843 976 1898 »P
1016 1841 1121 1900 Eia
1156 1843 1451 1911 carissimi,
1482 1858 1673 1901 omnes
1715 1858 1865 1899 nunc

262 1940 632 2014 gaudeamus,
675 1956 868 1999 omnes
908 1957 1059 1998 nunc
1097 1940 1393 2014 gaudendo
1434 1941 1715 1998 dicamus:
1757 1939 1865 1997 Be-

261 2038 523 2097 nedictus
563 2038 761 2108 frator,
806 2056 905 2112 per
948 2056 1110 2112 quem
1154 2038 1337 2097 Maria
1376 2038 1465 2097 ost
1505 2039 1703 2097 nostra
1744 2055 1865 2096 ma-

259 2136 368 2206 ter,
411 2137 472 2194 et
513 2136 804 2198 benedicta
845 2137 1046 2206 mater,
1090 2154 1191 2209 por
1231 2154 1399 2210 quam
1457 2136 1722 2195 Christus
1776 2136 1866 2194 est

257 2235 457 2294 noster
499 2234 716 2293 frater!
760 2235 908 2293 Hinc
936 2235 1074 2293 bene
1101 2235 1408 2293 Anselmus
1432 2235 1520 2310 (3)
1552 2236 1667 2293 ait:
1706 2258 1736 2287 α
1757 2235 1867 2295 Do·

256 2334 414 2391 mina
459 2333 661 2402 mater,
703 2350 804 2406 per
847 2350 1013 2406 quam
1058 2334 1227 2391 talem
1280 2333 1515 2391 fratrem
1573 2332 1864 2403 habemus,

257 2431 395 2505 quid
435 2431 775 2504 gratiarum,
819 2431 953 2504 quid
994 2430 1182 2488 laudis
1221 2430 1325 2488 tibi
1381 2430 1757 2489 retribuemus
1785 2453 1814 2482 »
1839 2431 1867 2486 Ρ

390 2697 438 2758 1)
473 2696 512 2744 A
556 2696 702 2755 legit:
748 2697 920 2744 Maria
959 2711 1077 2757 erqo
1118 2701 1192 2743 est
1231 2701 1393 2742 mater
1432 2697 1574 2743 cuius
1615 2696 1864 2755 effective;

260 2779 299 2826 B
332 2792 471 2826 vero:
508 2778 681 2825 Maria
713 2791 830 2838 erqo
862 2782 935 2825 est
966 2783 1148 2836 mater,
1183 2791 1309 2837 quae
1340 2778 1614 2837 effectivum
1646 2782 1735 2824 est.

386 2859 438 2919 2)
473 2859 610 2906 Vers.
645 2859 724 2906 24.

388 2940 438 3000 3)
473 2940 609 2987 Orat.
642 2940 722 2988 52.
762 2938 905 3000 (alias
936 2940 1040 3001 51.)
1074 2942 1184 3000 post
1216 2939 1436 2988 medium.
