2237 3481
422 273 501 332 52
932 289 1222 331 sracumm
1264 290 1317 330 B.
1360 290 1421 331 M.
1469 289 1524 332 v.

413 481 629 539 Maria
671 482 865 538 autem
929 480 1309 538 conservabat
1368 480 1567 537 omnia
1627 480 1804 537 verba
1867 479 2029 553 haec,

417 577 715 649 conferens
755 580 823 636 in
862 578 1034 636 corde
1085 595 1212 636 suo,
1270 578 1413 647 Quia
1472 595 1606 651 ergo
1667 579 1849 635 Maria
1914 596 2025 637 non

413 676 524 735 fuit
564 678 837 745 acediosa,
880 678 1001 735 ideo
1044 693 1154 735 non
1209 676 1319 734 fuit
1371 677 1569 744 otiosa,
1623 677 1682 735 et
1735 678 1856 735 ideo
1912 694 2029 736 non

412 777 594 835 solum
638 777 878 833 mentem
911 778 970 833 in
1012 775 1226 833 sanctis
1270 775 1748 844 meditationibus
1778 792 1889 834 non
1937 793 2030 835 so-

411 875 532 932 lum
572 874 828 947 linguam
892 875 947 931 in
1012 873 1231 932 devotis
1286 862 1657 942 orationibuS,
1699 873 1795 931 sed
1850 875 2026 933 etiam

411 990 614 1030 manus
655 974 714 1030 in
754 971 916 1030 bonis
945 973 1207 1045 operibus
1249 972 1474 1029 sedulas
1515 971 1732 1030 habuit.
1778 972 2028 1045 Propter

408 1071 513 1129 hoc
541 1071 696 1140 bene,
741 1070 887 1128 sicut
928 1087 1102 1142 supra
1134 1069 1222 1145 (1)
1266 1070 1475 1128 dictum
1506 1070 1612 1139 est,
1639 1072 1862 1130 mansit
1887 1072 2027 1129 Ma-

407 1171 506 1228 ria
548 1188 679 1228 eum
719 1168 1014 1227 Elisabeth
1080 1169 1267 1227 tribus
1329 1169 1639 1228 mensibus.
1694 1169 1784 1227 Ad
1846 1170 2027 1242 quid?

410 1268 735 1340 Respondet
776 1268 928 1326 Beda
958 1269 1047 1342 (2)
1092 1267 1151 1324 et
1191 1267 1303 1325 ait:
1377 1290 1406 1318 «
1435 1267 1514 1324 Ut
1555 1268 1776 1325 mulieri
1821 1284 2027 1340 prove-

408 1368 531 1425 ctae
573 1367 781 1425 aetatis
824 1368 983 1440 virgo
1039 1366 1335 1424 iuvencula
1387 1366 1760 1424 ministerium
1824 1367 2026 1425 sedula

407 1466 836 1538 impenderet».
865 1465 991 1522 Heu
1019 1481 1190 1537 quam
1218 1466 1385 1537 longe
1413 1481 1474 1522 es
1500 1481 1535 1521 a
1567 1464 1759 1537 gratia
1786 1464 2023 1534 Mariae,

407 1566 577 1622 miser
619 1564 886 1632 acediose‚
929 1564 1087 1621 cuius
1151 1580 1308 1620 mens
1352 1562 1409 1620 et
1449 1563 1646 1636 lingua
1700 1563 1759 1620 et
1813 1580 2023 1622 manus

408 1663 578 1722 toties
621 1662 757 1720 sunt
797 1680 832 1719 a
873 1663 1089 1720 meritis
1132 1662 1373 1720 otiosae!

570 1761 776 1831 Quinto
820 1762 963 1830 vide,
1026 1762 1333 1829 carissime,
1374 1761 1521 1833 quod
1563 1760 1744 1818 Maria
1801 1762 2025 1819 tenuis-

405 1860 558 1917 sima
599 1860 708 1918 fuit
738 1876 851 1931 per
881 1862 1313 1931 paupertatem.
1343 1859 1482 1930 Ipsa
1522 1860 1668 1917 enim
1699 1858 1788 1916 est
1814 1859 2021 1927 Maria,

406 1959 472 2016 de
534 1976 646 2031 qua
706 1958 910 2016 dicitur
967 1958 1150 2015 Lucae
1216 1957 1456 2015 secundo
1487 1956 1609 2033 (3):
1654 1958 2025 2016 Invenerunt

407 2058 676 2115 Mariam
719 2060 774 2114 et
799 2056 1012 2128 Ioseph
1041 2059 1095 2114 et
1124 2053 1411 2125 infantem
1447 2057 1712 2127 positum
1752 2055 1815 2112 in
1834 2073 2023 2128 prae-

405 2157 583 2227 sepio,
644 2156 930 2227 Pauperes
992 2156 1251 2227 pastores
1306 2154 1646 2212 invenerunt
1706 2170 2021 2226 pauperem

404 2255 641 2313 matrem
686 2255 744 2312 et
786 2271 1090 2327 pauperem
1135 2253 1406 2312 infantem
1463 2254 1522 2310 in
1579 2269 1825 2325 paupere
1873 2253 2019 2323 loco,

401 2369 515 2412 non
557 2354 614 2409 in
658 2368 929 2425 pomposa
970 2369 1134 2420 cuna,
1173 2353 1268 2409 sed
1310 2353 1369 2409 in
1412 2368 1658 2425 paupere
1700 2354 2020 2425 praesepio.

404 2452 556 2521 Quae
596 2451 790 2524 utique
833 2451 1179 2524 paupercula
1223 2450 1404 2509 mater
1453 2450 1657 2509 bonum
1700 2449 2018 2523 hospitium

400 2551 539 2609 bene
581 2550 892 2618 habuisset,
937 2551 984 2607 si
1028 2566 1244 2622 pauper
1293 2566 1404 2608 non
1446 2549 1664 2607 fuisset.
1708 2548 1837 2608 Ista
1878 2550 2018 2609 dum

399 2649 702 2722 diligenter
729 2648 997 2716 attendiS‚
1040 2649 1177 2706 tunc
1221 2647 1612 2720 paupertatem
1658 2647 1874 2706 Mariae
1907 2649 2021 2706 evi-

536 2881 579 2939 1)
616 2882 731 2938 Pag.
768 2879 847 2926 48.

523 2962 572 3022 2)
610 2959 782 3008 Homil.
820 2975 929 3020 pag.
965 2959 1026 3006 46
1059 2958 1229 3005 citata.
1670 2959 1718 3017 3)
1754 2959 1894 3007 Ver-s.
1935 2962 2012 3008 16.
