2237 3481
408 247 486 306 20
912 263 1203 305 srscumm
1243 264 1295 305 B.
1337 264 1400 306 u.
1443 264 1498 306 v.

406 454 528 512 Hoc
567 456 714 512 enim
757 470 962 526 corpus
1003 453 1091 511 est
1133 470 1265 511 arca
1294 454 1653 512 sanctissima
1683 453 1805 522 Dei,
1836 471 2010 527 quam

404 553 590 610 decuit
631 569 743 611 non
807 552 1116 624 putrefieri,
1164 552 1258 609 sed
1312 551 1498 609 instar
1542 552 1671 609 Filii
1730 554 1817 613 sui
1874 554 2012 610 ante

405 667 624 709 omnem
688 650 1154 723 putrefactionem
1218 650 1500 707 suscitari.
1543 649 1702 707 Unde
1766 650 1885 708 tam
1943 651 2014 708 de

405 750 549 808 Filio
591 766 760 822 quam
790 749 856 806 de
886 748 1066 806 matre
1094 748 1423 806 notabiliter
1453 749 1535 806 ait
1561 747 1853 820 Propheta
1884 747 2007 823 (1):

404 846 610 920 Sume,
666 848 937 919 Domine,
993 848 1060 905 in
1107 848 1364 918 requiem
1421 848 1599 919 tuam,
1651 849 1715 903 tu
1758 849 1814 904 et
1866 864 2014 905 arca

402 946 887 1016 sanctificationis
931 949 1082 1004 tuae.
1125 946 1279 1003 Haec
1320 962 1452 1003 arca
1491 945 1559 1003 de
1598 946 1774 1020 lignis
1824 947 2014 1018 impu-

402 1044 689 1103 tribilibus
719 1043 807 1119 (2)
852 1044 1002 1102 facta
1042 1044 1149 1113 est,
1191 1045 1322 1117 quia
1363 1060 1493 1102 caro
1543 1043 1757 1102 Mariae
1798 1060 2015 1116 nequa-

401 1160 588 1216 quam,
633 1143 700 1201 ut
739 1143 1034 1211 credimUS,
1078 1142 1399 1215 putrefacta
1440 1143 1548 1200 est.
1585 1143 1829 1216 Ideoque
1868 1143 2012 1201 bene

401 1242 602 1300 beatus
630 1242 987 1314 Augustinus
1012 1240 1100 1315 (3)
1131 1242 1243 1299 ait:
1284 1262 1313 1291 α
1336 1241 1474 1298 Tam
1506 1242 1858 1314 praeclarum
1890 1241 2013 1300 the-

403 1357 633 1398 saurum
675 1340 902 1413 dignius
956 1340 1044 1397 est
1084 1340 1299 1398 caelum
1344 1356 1570 1397 servare
1619 1357 1787 1412 quam
1832 1341 2009 1408 terra,

402 1439 733 1512 tantamque
774 1437 1163 1511 integritatem
1220 1438 1419 1496 merito
1474 1422 2008 1511 incorruptibilitas,

401 1554 510 1595 non
556 1537 873 1609 putredinis
914 1537 1032 1594 ulla
1074 1536 1344 1594 resolutio
1374 1536 1628 1609 sequitur
1656 1560 1714 1592 ».
1757 1537 1846 1594 Sic
1872 1553 2011 1610 ergo

398 1636 582 1693 Maria
623 1652 685 1693 eo
713 1635 894 1709 modo,
937 1651 1047 1708 quo
1088 1634 1450 1703 dictumest,
1492 1635 1660 1707 longe
1701 1634 1812 1692 fuit
1839 1652 1874 1693 a
1905 1652 2013 1692 na-

400 1734 673 1793 scentium
717 1751 837 1804 vae,
895 1733 1061 1807 longe
1103 1751 1138 1791 a
1181 1732 1517 1806 parientium
1583 1750 1705 1801 vae,
1748 1733 1916 1808 longe
1972 1751 2012 1792 a

402 1833 760 1892 morientium
788 1850 910 1901 vae,
941 1834 998 1889 et
1025 1833 1146 1890 ideo
1177 1833 1376 1891 merito
1400 1833 1447 1889 ei
1477 1832 1687 1890 dictum
1717 1831 1836 1889 est:
1859 1830 2010 1890 Ave.

559 1931 766 2000 Tertio,
828 1931 1123 1997 carissimi,
1186 1929 1649 1989 considerandum
1693 1930 1799 1998 est,
1857 1931 2010 2003 quod

398 2030 580 2087 Maria
640 2030 906 2087 immunis
967 2028 1076 2086 fuit
1133 2045 1244 2086 non
1300 2028 1480 2085 solum
1544 2045 1579 2085 a
1635 2027 1849 2100 triplici
1902 2044 2011 2088 vae

396 2130 595 2201 culpae
637 2127 897 2196 actualiS,
927 2143 1039 2185 non
1082 2126 1263 2185 solum
1306 2143 1340 2183 a
1377 2126 1587 2199 triplici
1616 2142 1718 2184 vae
1748 2127 2010 2186 miseriae

398 2227 711 2300 originalis,
743 2225 841 2283 sed
884 2226 1050 2282 etiam
1095 2242 1131 2282 a
1175 2224 1386 2297 triplici
1416 2241 1519 2282 vae
1551 2240 1776 2296 poenae
1801 2224 2011 2298 ychen-

396 2326 573 2384 nalis.
618 2325 739 2383 Hoc
780 2324 987 2396 triplex
1026 2340 1130 2382 vae
1171 2321 1433 2381 consistit
1459 2324 1517 2380 in
1549 2339 1858 2394 poenarum
1886 2339 2012 2380 ma-

392 2423 717 2499 ynitudine‚
779 2422 1176 2495 multitudine,
1241 2421 1623 2494 lonyitudc'ne.
1687 2421 1804 2479 Vae
1870 2438 2010 2494 ergo

397 2523 681 2581 damnatis
723 2522 939 2595 pariter
967 2521 1025 2579 et
1052 2520 1405 2589 damnandiS,
1449 2537 1570 2588 vae,
1600 2521 1850 2592 inquam,
1881 2536 2011 2592 pro·

397 2622 524 2695 pter
586 2620 1051 2694 magnitudinem,
1115 2636 1218 2678 vae
1274 2618 1510 2691 propter
1558 2618 2006 2689 multitudinem,

525 2856 568 2916 1)
605 2855 778 2902 Psalm.
821 2852 927 2912 131,
962 2852 1008 2899 8.
1394 2851 1445 2910 2)
1482 2850 1578 2898 Cfr.
1615 2850 1765 2898 Exod.
1800 2851 1882 2908 25,
1924 2850 2002 2898 10.

521 2937 568 2997 3)
606 2937 670 2983 De
702 2935 912 2982 Assumt.
950 2934 1005 2980 Β.
1040 2933 1106 2979 Μ.
1143 2932 1201 2978 V.
1241 2930 1352 2991 (int.
1387 2945 1462 2992 op.
1500 2932 1726 2992 August.)
1764 2946 1813 2978 n.
1849 2932 1897 2978 6.

362 3195 395 3218 ›-

390 3255 463 3300 a„

436 3355 449 3376 t
