2237 3481
422 222 538 278 256
926 238 1214 280 spucnmm
1255 240 1307 279 B.
1349 239 1412 279 M.
1456 240 1510 281 v.

580 427 745 487 Sexto
787 429 1092 500 videamus,
1136 430 1429 499 carissimi,
1471 430 1746 513 quomodo
1794 430 2019 505 fructus

424 527 642 586 ventris
683 527 896 586 Mariae
939 527 1016 585 sit
1071 528 1485 587 abstinentium
1544 528 1743 586 contra
1783 529 2020 602 gulam3

423 626 480 683 et
520 625 587 683 de
643 624 747 685 hoc
808 625 1066 685 notemus
1102 625 1264 698 ‘quod
1318 625 1523 683 dicitur
1578 626 2019 686 Proverbiorum

421 723 631 782 decimo
673 722 842 783 tertio
866 721 987 798 (1):
1032 724 1125 782 De
1163 722 1363 801 fractu
1403 724 1527 782 oris
1568 725 1665 783 sai
1697 725 2022 783 satiabitur

422 822 593 881 homo
646 822 829 880 boni&
891 821 1136 880 Fructus
1190 823 1403 880 Mariae
1461 819 1691 891 fructas
1745 823 1873 882 oris
1912 824 2021 881 dici

423 921 630 997 potest,
653 938 766 981 non
795 921 996 994 solum,
1019 921 1151 993 quia
1179 922 1293 979 oris
1314 921 1372 978 et
1392 920 1641 980 oratione
1664 920 1721 978 et
1741 921 2018 991 doctrina,

424 1021 521 1079 sed
562 1019 751 1090 etiam,
793 1021 925 1092 quia
985 1019 1099 1078 oris
1161 1018 1508 1077 abstinentia
1561 1018 1890 1092 acquiritur.
1938 1019 2020 1077 De

424 1119 534 1177 isto
575 1110 783 1176 fructu'
803 1117 1122 1176 satiabitur
1146 1117 1311 1175 bonis
1340 1116 1735 1190 spiritualibus
1783 1118 1882 1190 qui
1918 1134 2020 1190 pro

423 1216 534 1276 isto
575 1215 765 1275 fructu
804 1215 1096 1273 abstinens
1154 1215 1243 1273 est
1301 1232 1336 1272 a
1392 1215 1553 1274 bonis
1592 1215 2020 1289 temporalibus,

427 1315 742 1373 Satiabitur
782 1314 943 1373 bonis
984 1314 1050 1372 de
1091 1313 1203 1373 isto
1244 1312 1431 1371 fructu
1473 1314 1803 1386 quicumque
1840 1314 2021 1371 esurit

429 1412 487 1470 et
528 1412 652 1471 sitit
690 1412 1078 1485 corporaliter,
1143 1413 1324 1485 magis
1386 1412 1576 1469 autem
1640 1412 2020 1485 spiritualiter

427 1528 530 1584 pro
570 1511 681 1571 isto
723 1511 944 1581 fructu3
987 1510 1133 1568 unde
1175 1509 1375 1569 beatus
1424 1510 1750 1568 Bernardus
1773 1509 1865 1586 (2)
1910 1511 2017 1567 ait:

437 1631 467 1661 «
488 1609 679 1668 Bonus
722 1608 942 1666 fructus
981 1609 1069 1666 est
1130 1609 1226 1681 qui
1281 1609 1598 1666 animarum
1640 1609 2021 1667 esurientium

424 1712 480 1768 et
518 1708 839 1768 sitientium
880 1708 1174 1774 iustitiam
1198 1706 1287 1783 (3)
1319 1707 1376 1765 et
1417 1723 1543 1766 esca
1572 1706 1628 1766 et
1657 1707 1826 1780 potus
1855 1708 2019 1768 est».

430 1803 593 1867 Beati
644 1810 740 1881 qui
802 1824 905 1880 pro
956 1806 1060 1866 hoc
1115 1804 1306 1865 fructu
1371 1807 1629 1866 esuriunt
1689 1808 1749 1864 in
1777 1807 2020 1875 mundo,

382 1961 385 1962 γ
427 1909 561 1981 quia
622 1907 689 1965 de
749 1908 872 1980 ipso
933 1904 1298 1963 satiabuntur
1358 1906 1416 1962 in
1458 1906 1628 1974 caelo,
1670 1905 1831 1963 iuxta
1882 1907 2023 1964 illud

426 2007 607 2063 Lucae
651 2006 806 2065 sexto
830 2005 950 2080 (4):
996 2004 1174 2061 Beati
1216 2005 1320 2075 qui
1382 2020 1538 2061 nime
1580 2004 1836 2076 esuritis,
1881 2005 2024 2076 quia

426 2102 861 2164 saturabimini.
903 2102 1011 2159 Hic
1052 2118 1186 2175 ergo
1230 2118 1332 2174 pro
1374 2101 1478 2160 hoc
1520 2101 1707 2159 fructu
1736 2102 2022 2160 abstinen-

428 2204 515 2260 tes
556 2201 633 2259 ibi
675 2200 843 2259 erunt
903 2200 968 2257 de
1034 2200 1224 2258 fructu
1280 2200 1390 2258 isto
1452 2199 1834 2269 comedentes3
1879 2201 2024 2258 unde

426 2302 614 2359 Isaiae
658 2300 826 2358 tertio
881 2299 1086 2357 dicitur
1111 2298 1233 2374 (5):
1279 2298 1471 2356 Dic-ite
1527 2299 1699 2370 iuste,
1745 2300 2026 2370 quoniam

429 2399 582 2467 bene,
625 2398 906 2470 quoniam
944 2394 1207 2465 fractam
1247 2396 1722 2454 adinventionum
1777 2413 2026 2454 suarum

557 2666 601 2724 1)
638 2665 771 2712 vers·
804 2666 853 2712 2.

551 2748 600 2805 2)
636 2745 808 2792 Homil.
845 2746 890 2793 3.
927 2759 1064 2805 super
1098 2745 1282 2792 Missus
1314 2749 1386 2791 est
1418 2758 1467 2791 n.
1504 2744 1551 2790 6.

555 2828 601 2886 3)
639 2828 814 2873 Matth.
849 2828 898 2885 5,
933 2827 978 2873 6.

552 2908 601 2967 4)
637 2908 771 2954 Vers.
807 2907 885 2953 21.
1684 2906 1734 2965 5)
1771 2906 1913 2954 Vers.
1957 2907 2031 2953 10.
