2237 3481
267 291 386 349 280
970 307 1159 350 mnsx.

265 498 435 544 Leone
467 496 569 543 vn.
605 495 735 554 Quod
768 510 929 543 novem
967 495 1067 542 sint
1107 495 1427 555 plenitudines
1458 494 1508 542 in
1541 495 1712 556 Maria,

389 590 508 635 quae
540 590 703 624 novem
735 576 948 624 ordinum
981 577 1257 634 angelorum
1289 575 1607 635 plenitudines
1642 590 1712 623 re·

388 658 702 718 praesentant
734 657 783 704 in
816 656 971 714 gloria
1032 690 1544 704 .......
1580 657 1711 716 Pay.
1811 657 1875 703 93

264 738 434 785 Lscno
471 738 590 785 VIII.
627 737 757 797 Quod
789 736 1030 795 Dominus,
1076 738 1133 784 de
1176 751 1265 795 quo
1306 736 1482 785 dicitur
1523 739 1579 784 B.
1616 737 1714 783 Ma-

388 817 515 865 riae:
553 818 795 865 Dominus
836 822 1009 873 tecum,
1044 817 1334 874 generaliter
1376 820 1451 865 est
1491 817 1715 865 Dominus

388 897 672 945 universalis
693 897 896 944 omnium
929 911 1104 955 rerum,
1130 897 1506 956 potentissimus,
1530 896 1713 957 sapien-

387 978 620 1037 tissimuS‚
655 976 1039 1037 epulentissimus
1074 991 1130 1025 ac
1160 977 1641 1033 indeficientissimuS‚
1665 979 1715 1024 et

387 1072 489 1105 cum
523 1072 575 1105 ee
608 1059 749 1105 beata
783 1057 937 1104 Maria
970 1057 1114 1104 etiam
1148 1057 1296 1105 talis,
1366 1092 1379 1104 .
1431 1090 1462 1104 ff.
1533 1092 1545 1106 .
1615 1091 1627 1104 .
1698 1092 1710 1104 .
1784 1058 1870 1104 111

264 1140 434 1186 Leone
466 1139 552 1186 IX.
589 1139 719 1198 Quod
753 1137 994 1199 Dominus,
1019 1139 1077 1186 de
1097 1152 1188 1197 quo
1209 1138 1384 1186 dicitur
1415 1139 1584 1186 beatae
1616 1138 1714 1184 Ma·

386 1220 513 1267 riae:
555 1221 798 1267 Dominus
842 1224 1016 1277 tecum,
1061 1219 1333 1280 specialiter
1375 1222 1450 1267 est
1491 1219 1715 1267 Dominus

387 1301 634 1347 creaturae
665 1300 918 1347 rationalis
946 1301 1228 1359 piissimus,
1261 1301 1582 1358 iustissimus,
1610 1314 1710 1347 cer·

395 1382 615 1428 tissimus
647 1393 702 1427 ac
733 1381 1181 1438 nominatissimus,
1215 1382 1264 1428 et
1296 1380 1412 1428 talis
1444 1380 1590 1428 etiam
1611 1395 1713 1428 cum

390 1460 494 1519 ipso
526 1461 668 1507 beata
701 1460 881 1507 Maria.
951 1495 964 1508 .
1034 1495 1046 1507 .
1116 1494 1129 1506 .
1200 1495 1213 1508 .
1284 1495 1296 1507 .
1368 1494 1380 1508 .
1450 1494 1462 1527 ·.
1532 1495 1545 1508 .
1616 1496 1629 1508 .
1699 1496 1712 1509 .
1784 1462 1876 1508 120

266 1540 436 1587 Leone
469 1540 532 1587 X.
568 1540 698 1599 Quod
733 1539 974 1599 DominuS,
1010 1542 1066 1587 de
1099 1554 1190 1598 quo
1218 1540 1395 1588 dicitur
1428 1541 1595 1588 beatae
1618 1541 1713 1588 Ma-

386 1620 515 1668 riae:
552 1621 796 1668 Dominus
830 1625 1003 1676 tecum,
1027 1623 1130 1668 tam
1161 1620 1473 1678 singulariter
1505 1622 1580 1668 est
1611 1634 1714 1668 cum

389 1699 562 1760 Maria,
598 1703 653 1748 ut
685 1700 789 1761 ipsa
822 1700 922 1749 eius
957 1700 1023 1749 sit
1053 1702 1166 1759 filia
1197 1702 1525 1760 nobilissima,
1553 1706 1715 1749 mater

386 1784 705 1843 ‹liquis-sima,
739 1797 922 1843 sponsa
954 1784 1303 1831 venustissima
1335 1784 1385 1830 et
1416 1784 1605 1831 ancilla
1636 1785 1713 1830 de-

389 1864 644 1909 votissima
701 1896 1710 1911 .............
1784 1864 1877 1912 130

261 1944 431 1990 Lserlo
463 1943 548 1990 XI.
586 1942 715 2001 Quod
749 1944 901 1990 Maria
948 1946 1142 2003 propter
1192 1958 1242 1991 se
1289 1946 1339 1992 et
1386 1946 1579 2003 propter
1628 1958 1714 1992 nos

386 2023 828 2072 convenientissime
861 2038 1060 2072 aurorae
1092 2026 1392 2084 comparatur
1449 2059 1461 2073 .
1531 2059 1544 2072 .
1615 2059 1628 2072 .
1699 2060 1712 2073 .
1785 2026 1871 2073 141

261 2103 433 2151 Lac-1⁸10
465 2103 573 2150 XII.
609 2103 843 2162 Quomodo
883 2105 940 2152 B.
976 2104 1130 2153 Maria
1179 2105 1246 2152 sit
1295 2105 1432 2164 virga
1479 2108 1530 2154 et
1576 2105 1714 2164 virga

386 2184 556 2231 florens
613 2217 1709 2234 ..............
1783 2187 1806 2233 1

260 2264 430 2311 Lscrlo
462 2264 593 2312 XIII.
630 2264 862 2323 Quomodo
896 2266 951 2313 B.
987 2265 1141 2313 Maria
1183 2269 1479 2327 comparetur
1521 2266 1716 2326 reginae
1812 2187 1877 2235 ⁶3

384 2343 434 2390 in
467 2343 698 2403 palatium
733 2359 834 2392 cum
869 2359 979 2403 rege
1011 2345 1302 2404 ingredienti
1364 2381 1710 2395 .....
1783 2349 1876 2395 178

260 2426 431 2471 Lscno
464 2425 590 2472 XIV.
626 2426 757 2485 Quod
791 2427 845 2473 Β.
882 2426 1037 2474 Maria
1080 2427 1149 2474 sit
1183 2428 1436 2475 benedicta
1473 2429 1532 2475 ob
1564 2428 1711 2487 pleni·

384 2505 595 2553 tudinem
627 2506 833 2564 gratiae,
869 2508 928 2553 ob
960 2507 1287 2556 celsitudinem
1319 2508 1485 2568 prelis,
1510 2510 1570 2556 ob
1594 2510 1712 2556 mul-

384 2584 637 2632 titudinem
672 2585 1020 2634 misericordiae
1052 2602 1166 2636 suae
1187 2590 1238 2636 et
1259 2589 1317 2635 eb
1340 2588 1713 2647 magnitudinem

383 2665 566 2723 gloriae
598 2681 710 2714 suae
777 2701 1710 2718 ............
1784 2672 1878 2719 190

261 2745 431 2793 Luc-rio
463 2746 568 2793 XV.
605 2746 735 2805 Quod
768 2747 920 2795 Maria
953 2748 1021 2795 sit
1041 2749 1291 2797 benedicta
1313 2764 1395 2809 per
1417 2752 1594 2811 septem
1618 2750 1712 2800 vir-

383 2827 514 2872 tutes
548 2827 715 2878 centra
747 2829 925 2886 septem
958 2828 1188 2888 capitalia
1219 2829 1341 2877 vitia
1365 2864 1709 2879 .....
1777 2832 1877 2879 212

258 2904 429 2951 Leone
460 2904 589 2952 XVI.
625 2905 739 2964 Quis
772 2909 822 2954 et
853 2908 1008 2966 qualis
1041 2909 1109 2956 sit
1131 2910 1315 2958 fructus
1336 2910 1521 2958 ventris
1544 2911 1714 2959 beatae

383 2983 564 3031 Mariae
605 3018 1708 3039 ..............
1776 2992 1876 3041 227

64 3139 227 3230 ,Ἣ
