2237 3481
417 240 534 297 234
927 257 1217 299 SPECULUM
1259 258 1307 298 Β.
1353 257 1417 298 Μ.
1459 257 1514 297 v.

416 449 628 506 nardus
660 447 749 523 (1)
792 448 966 506 infert
1013 450 1124 505 sic:
1199 471 1227 498 «
1255 449 1329 517 Si,
1373 448 1576 520 inquit,
1638 446 1861 506 fructus
1924 448 2018 505 ille

416 547 614 606 mortis
657 563 767 605 non
811 547 991 604 solum
1037 547 1229 603 suavis
1272 545 1381 603 fuit
1416 547 1497 604 ad
1533 544 1893 618 vescendum,
1925 545 2017 603 sed

415 645 605 712 etiam,
663 645 808 701 teste
850 644 1145 715 Scriptura
1175 643 1283 717 (2),
1349 642 1701 701 delectabilis
1762 645 2016 714 aspectu,

415 742 630 815 quanto
673 743 854 815 magis
895 741 1064 799 huius
1105 741 1300 798 vitalis
1343 740 1563 798 fructus
1605 740 1891 798 vivificum
1935 740 2018 798 de·

415 857 596 899 corem
652 839 915 898 debemus
976 841 1276 912 inquirere,
1332 840 1396 895 in
1458 854 1628 911 quem
1688 838 2020 897 desiderant

417 938 611 1013 auqeli
645 940 982 1011 prospicere
1012 937 1101 1011 (3)
1131 961 1160 989 »
1183 937 1215 993 .9
1256 936 1499 995 Pulcher
1541 919 1734 1009 utique
1799 936 2018 994 fructus

417 1037 680 1096 Christus
721 1038 827 1105 est,
869 1038 965 1110 qui
1004 1038 1297 1108 speciosus
1335 1033 1530 1104 forma
1561 1051 1714 1107 prae
1739 1034 1888 1105 filiis
1917 1035 2019 1092 ho·

414 1138 640 1194 minum
679 1138 763 1194 est
786 1136 896 1211 (4).
926 1136 979 1193 Si
1009 1135 1200 1193 autem
1244 1135 1467 1207 plenius
1493 1150 1826 1207 cognoscere
1869 1134 2019 1193 volu·

417 1252 541 1292 mus
569 1234 789 1294 fructus
818 1233 987 1291 huius
1018 1232 1514 1306 pulchritudinem,
1546 1249 1908 1289 recurramus
1948 1231 2016 1289 ad

414 1320 597 1407 ipsam
640 1333 1075 1406 pulcherrimam
1120 1332 1395 1401 arborem,
1440 1332 1793 1404 requiramus
1834 1332 2018 1404 ipsam

417 1432 854 1505 pulcherrimam
895 1433 1015 1489 eius
1057 1432 1314 1499 mal-rem,
1339 1430 1397 1487 et
1430 1430 1681 1487 dicamus
1707 1429 1850 1487 illud
1884 1429 2020 1488 Can·

417 1532 655 1589 ticorum
699 1531 895 1604 quinto
925 1530 1046 1605 (5):
1098 1529 1308 1604 Qualis
1348 1531 1433 1587 est
1474 1527 1719 1587 dilectus
1763 1530 1901 1587 tuus
1956 1544 2021 1585 ex

418 1629 641 1703 dilectO,
685 1647 717 1685 o
748 1628 1160 1702 pulcherrima
1200 1623 1555 1685 mulierum?
1594 1627 1670 1684 Et
1711 1643 1851 1695 ecce,
1898 1628 2020 1699 ipsa

417 1728 613 1787 staiim
658 1728 1001 1801 respondens
1043 1727 1180 1786 dicit
1208 1725 1329 1800 (6):
1374 1725 1642 1784 Dilectus
1686 1742 1850 1784 meus
1894 1742 2021 1784 can·

417 1827 591 1886 didus
631 1829 686 1884 et
724 1826 1107 1899 rubicundus,
1155 1826 1372 1883 electus
1427 1841 1495 1882 ex
1555 1824 1860 1894 millibus;
1902 1826 2019 1897 ipse

417 1926 640 1985 candor
683 1926 829 1983 lucis
871 1929 1141 1983 aeternae
1171 1924 1294 1999 (7),·
1336 1925 1627 1983 candidus
1666 1923 1891 1996 quidem
1935 1924 2018 1981 est

416 2025 732 2092 divinitate,
774 2023 1137 2082 rubicundus
1178 2024 1366 2081 autem
1410 2021 1798 2092 humanitate3
1829 2022 2021 2080 candi-

418 2123 523 2180 dus
562 2140 781 2196 quoque
835 2123 1277 2190 conversatione,
1334 2121 1677 2179 rubicundus
1739 2122 2020 2193 passione.

417 2219 577 2291 Ecce}
618 2239 786 2295 quarn
851 2220 1083 2294 pulcher
1137 2221 1388 2279 fructus!
1432 2219 1675 2292 Propter
1714 2219 1820 2277 hoc
1883 2220 2021 2278 bene

417 2321 483 2378 de
524 2322 648 2393 ipso
676 2319 811 2377 dicit
851 2320 1211 2393 Augustinus
1242 2317 1363 2394 (8):
1418 2316 1712 2376 «Pulcher
1739 2319 1799 2375 in
1829 2318 2022 2385 caelis,
2079 2331 2084 2336 “

545 2607 591 2666 1)
626 2603 800 2652 Homil.
838 2606 883 2652 3.
920 2618 1058 2664 super
1097 2604 1277 2652 Missus
1310 2609 1382 2650 est
1415 2618 1463 2650 n.
1500 2604 1546 2650 6.

541 2688 590 2745 2)
626 2686 741 2732 Gen.
778 2686 824 2743 3,
861 2686 907 2732 6.
1530 2685 1578 2744 3)
1613 2684 1652 2730 Ῑ.
1689 2684 1819 2730 Petr.
1860 2685 1907 2742 1,
1947 2684 2019 2730 12.

540 2767 591 2827 4)
627 2767 800 2812 Psalm.
835 2765 915 2824 44,
952 2767 997 2813 3.
1530 2765 1581 2824 5)
1617 2765 1751 2811 Vers.
1788 2763 1836 2810 9.

542 2848 592 2906 6)
627 2846 696 2893 Ib.
732 2860 778 2892 v.
819 2846 892 2891 10.
1539 2846 1587 2905 7)
1622 2843 1731 2903 Sap.
1771 2844 1818 2903 7,
1855 2844 1936 2891 26.

543 2927 592 2984 8)
628 2926 774 2973 Serm.
813 2926 917 2973 128.
953 2926 1153 2985 append.
1192 2925 1334 2985 (alias
1373 2925 1446 2972 18.
1481 2925 1539 2973 de
1571 2925 1753 2984 Temp.)
1790 2938 1838 2971 n.
1876 2926 1924 2971 5.

384 3033 419 3074 -ζν

540 3159 601 3200 ’Ἢ

610 3259 621 3292 ³
