2237 3481
290 3095 295 3102 .

114 3031 321 3152 ,Ἐγ

306 3151 325 3160 r.

322 3175 559 3369 Ε.

411 254 487 314 70
688 258 691 261 ’
916 272 1207 315 srucumu
1246 273 1300 313 B.
1343 273 1406 314 u.
1448 273 1505 316 v.

401 463 505 535 gili
527 479 652 521 cum
681 463 843 522 corde
873 463 1067 521 sedula
1097 462 1462 521 scrutabatur
1482 486 1540 520 x».
1568 496 1649 505 —
1671 462 1808 532 Quis
1837 463 2010 521 huius

404 560 656 618 mulieris
697 560 787 618 est
826 562 933 631 vir,
978 562 1087 618 nisi
1130 562 1225 619 ille
1267 578 1431 634 quem
1475 563 1601 634 ipsa
1642 561 2011 620 circumdedit

403 660 461 716 in
503 658 711 717 utero?
749 658 815 716 de
856 676 966 732 quo
1007 659 1214 717 dicitur
1255 660 1525 718 Ieremiae
1553 661 1846 735 trigesimo
1897 661 2011 732 pri-

405 774 493 816 mo
525 757 646 831 (1):
700 755 931 816 Oreavit
970 758 1268 816 Dominus
1309 776 1525 816 novum
1562 775 1742 831 super
1764 760 2010 830 terram,

403 856 617 914 mulier
657 842 1043 914 circumdabit
1081 857 1289 914 virum.
1332 857 1519 915 Huius
1559 859 1668 914 viri
1697 874 1829 915 ossa
1870 856 2012 915 sunt

402 956 734 1028 quicumque
774 956 833 1012 in
874 970 1104 1026 corpore
1133 956 1269 1024 eiuS,
1300 955 1357 1012 id
1385 954 1474 1013 est
1512 956 1572 1012 in
1612 955 1864 1013 Ecclesia
1899 953 2012 1014 for·

402 1053 490 1111 tes
534 1053 688 1110 sunt.
750 1052 877 1111 Ista
937 1069 1073 1112 ossa
1136 1052 1488 1126 suffragante
1548 1054 1739 1127 gratia
1792 1054 2011 1112 Mariae

399 1153 855 1225 impinyuoentur
884 1152 1243 1213 unctionibus
1270 1153 1507 1225 gratiae.
1540 1148 2009 1225 Impinguantur‚

400 1252 650 1323 inquam,
694 1250 1035 1323 pinguedine
1067 1250 1156 1324 (2)
1208 1250 1456 1322 Spiritus
1518 1252 1720 1319 sancti,
1782 1268 1894 1324 qua
1950 1252 2014 1308 et

401 1350 497 1406 ille
539 1350 885 1423 impinguari
925 1349 1205 1421 cupiebat,
1248 1350 1343 1422 qui
1395 1349 1616 1407 dicebat
1659 1349 1775 1423 (3):
1841 1348 2015 1408 Sicut

401 1446 574 1519 adipe
615 1450 668 1505 et
715 1446 1064 1520 pinquedine
1125 1446 1421 1518 repleatur
1483 1448 1688 1506 anima
1748 1463 1896 1505 mea.
1960 1445 2013 1507 O

401 1547 528 1619 quis
569 1545 871 1603 aestimare
914 1545 1122 1613 valeat,
1165 1562 1334 1618 quam
1378 1546 1590 1604 multae
1631 1548 1851 1605 animae
1894 1549 2015 1619 opi-

400 1644 624 1702 tulante
667 1644 858 1717 gratia
900 1644 1113 1701 Mariae
1178 1644 1295 1701 sint
1338 1661 1438 1716 per
1496 1646 1745 1717 gratiam
1807 1647 2013 1718 impin·

401 1743 629 1817 gnatae,
671 1745 840 1801 immo
869 1743 1038 1812 certe,
1068 1744 1195 1816 quis
1222 1743 1524 1802 aestimare
1555 1744 1760 1814 valeat,
1790 1745 2014 1817 quanta

400 1844 458 1900 in
500 1844 627 1915 ipsa
667 1842 850 1899 Maria
892 1843 1002 1900 fuit
1040 1843 1418 1914 impinguatio
1457 1842 1795 1915 gratiarum,
1848 1845 2015 1902 cuius

401 1941 592 2015 gratia
651 1941 1008 2015 impinguata
1073 1942 1210 1999 sunt
1269 1941 1358 1999 tot
1415 1942 1593 2000 millia
1654 1943 2011 2001 animarum!

407 2040 578 2098 Cuius
619 2041 766 2097 enim
811 2039 1148 2112 pinguedine
1178 2039 1411 2097 virtutis
1450 2041 1577 2112 ipsa
1618 2041 1820 2109 caruit,
1863 2058 2013 2114 quae

403 2140 651 2198 omnium
681 2138 958 2196 virtutum
991 2139 1423 2210 pinguissimum
1447 2138 1834 2197 habitaculum
1856 2139 2014 2198 fuit?

404 2237 507 2295 Ait
547 2238 695 2295 enim
747 2238 991 2295 Ioannes
1046 2236 1433 2295 Damascenus
1464 2237 1587 2313 (4):
1661 2260 1691 2289 α
1718 2237 1903 2296 Maria
1944 2239 2013 2296 in

403 2336 573 2393 domo
602 2336 852 2393 Domine?
869 2335 1154 2408 plantata
1178 2335 1266 2409 (5)
1311 2335 1368 2393 et
1394 2336 1751 2409 impinguata
1779 2336 2013 2409 spiritu,

405 2434 471 2491 ut
513 2433 672 2491 oliva
712 2430 1020 2502 fructifera
1051 2433 1140 2507 (6)
1185 2434 1366 2491 omnis
1425 2435 1661 2492 virtutis
1717 2433 2015 2493 habitacu-

400 2534 521 2591 lum
564 2531 716 2590 facta
757 2531 845 2589 est
871 2555 929 2589 ».

530 2702 575 2761 1)
612 2702 746 2748 Vers.
784 2701 860 2747 32.
1598 2749 1604 2756 ,

527 2783 575 2842 2)
611 2782 649 2829 Α
686 2781 834 2839 legit:
862 2782 1198 2841 plenitudine.
1546 2782 1594 2842 3)
1631 2783 1804 2829 Psalm.
1841 2783 1923 2843 62,
1959 2784 2011 2831 6.

526 2862 576 2922 4)
610 2862 692 2909 IV.
727 2862 784 2908 de
817 2861 933 2908 Fide
965 2862 1152 2909 orthod.
1189 2875 1231 2910 c.
1270 2861 1344 2909 14.
1380 2861 1505 2909 circa
1538 2862 1754 2910 medium.

528 2943 578 3002 5)
617 2943 791 2989 Psalm.
827 2942 907 3002 91,
946 2941 1021 2989 14.
1083 2964 1087 2966 *
1513 2943 1563 3004 6)
1600 2944 1773 2990 Psalm.
1809 2944 1891 3004 51,
1932 2944 2011 2993 10.
