2237 3481
874 282 1074 324 mono
1116 282 1197 324 VI.
1762 267 1837 324 83

208 476 459 547 partem
511 473 683 547 eleyit
736 473 852 531 sibi
905 473 1122 531 Maria
1152 471 1281 547 (1)‚·
1320 473 1594 545 optimam
1651 474 1837 546 plane,

220 573 359 645 quia
400 572 550 630 bona
604 570 921 629 fecunditas
969 572 1301 644 coniugalia,
1350 572 1546 629 melior
1600 572 1840 629 castitas

221 669 529 743 virginalis
549 712 563 737 ‚
627 668 844 742 optima
907 670 1166 741 virginea
1226 668 1542 727 fecunditas
1599 686 1698 728 seu
1760 669 1841 727 fe-

219 768 410 826 cunda
474 768 800 841 virginitas.
843 767 1058 825 Mariae
1122 767 1481 841 privilegium
1544 767 1648 837 est,
1692 768 1839 841 quod

218 883 336 925 non
381 866 615 924 dabitur
656 866 844 936 alteri,
889 868 1022 940 quia
1062 882 1186 924 non
1228 864 1528 936 auferetur
1569 867 1640 924 ab
1682 883 1750 924 ea
1779 890 1837 924 ».

385 964 665 1034 Quartum
711 965 927 1023 Mariae
969 965 1328 1037 privilegium
1372 963 1478 1034 est,
1521 965 1668 1038 quod
1713 967 1839 1037 ipsa

218 1064 346 1122 sola
392 1066 587 1121 mater
642 1063 799 1121 Filii
853 1063 971 1120 Dei
1027 1061 1502 1131 ineffabilissima
1557 1063 1662 1131 est,
1713 1065 1839 1136 ipsa

217 1162 345 1221 sola
385 1162 546 1219 illius
587 1161 718 1219 Filii
760 1162 945 1220 mater
975 1161 1081 1229 est,
1112 1162 1273 1218 cuius
1303 1161 1459 1220 solus
1491 1161 1644 1219 Deus
1674 1165 1839 1234 pater

216 1260 326 1318 est.
360 1259 571 1317 Mirum
609 1276 787 1332 supra
816 1259 1041 1318 modum
1070 1258 1178 1327 est,
1209 1258 1356 1331 quod
1384 1258 1503 1316 tam
1534 1259 1835 1316 maximum

217 1359 587 1432 privilegium
617 1357 913 1415 creaturae
941 1373 1262 1414 concessum
1294 1357 1401 1415 est.
1424 1356 1505 1414 De
1533 1355 1637 1416 hoc
1666 1357 1837 1415 etiam

216 1457 524 1530 privilegio
588 1456 792 1513 beatus
853 1455 1184 1513 Bernartius
1213 1455 1302 1529 (2)
1346 1453 1459 1512 ait:
1512 1477 1541 1506 α
1568 1455 1708 1528 Ipsa
1749 1455 1838 1512 est

215 1556 453 1615 nostrae
476 1555 734 1628 Virginis
754 1555 940 1628 gloria
969 1554 1281 1627 singularis
1302 1553 1361 1611 et
1381 1554 1657 1612 excellens
1679 1571 1837 1627 prae-

214 1655 486 1728 rogativa
529 1654 762 1721 Mariae,
813 1653 959 1726 quod
1015 1654 1224 1710 Filium
1274 1669 1450 1709 unum
1494 1653 1838 1726 eundemque

213 1771 346 1813 cum
392 1754 511 1812 Deo
560 1752 733 1811 Patre
783 1752 990 1810 meruit
1031 1751 1239 1810 habere
1274 1768 1620 1810 communem
1651 1775 1707 1809 22.
1758 1785 1838 1793 -

214 1853 498 1923 Quintum
543 1852 758 1910 Mariae
802 1852 1164 1924 privilegium
1200 1849 1306 1918 est,
1336 1850 1482 1922 quod
1510 1851 1637 1922 ipsa
1666 1868 1837 1923 super

213 1969 444 2011 omnem
467 1951 790 2009 creaturam
812 1950 940 2007 Deo
968 1950 1147 2007 etiam
1170 1948 1559 2020 corporaliter
1579 1946 1836 2018 familia·

211 2051 463 2109 rissima
505 2048 635 2107 fuit.
678 2048 827 2106 Nam
871 2048 1018 2121 quod
1058 2064 1350 2120 nunquam
1391 2046 1684 2105 creaturae
1713 2063 1838 2106 con·

210 2164 441 2208 cessum
468 2146 579 2205 fuit
609 2164 708 2205 nec
730 2145 1064 2205 concedetur
1085 2148 1143 2203 in
1172 2145 1483 2214 aeternum,
1507 2147 1633 2218 ipsa
1658 2146 1834 2204 Deum

209 2262 422 2306 novem
482 2245 771 2303 mensibus
828 2246 886 2302 in
943 2244 1105 2302 utero
1163 2243 1434 2316 portavit,
1477 2244 1604 2316 ipsa
1655 2244 1834 2302 Deum

219 2370 249 2398 α
282 2344 461 2403 ubere
505 2344 571 2401 de
613 2340 767 2402 caelo
811 2344 978 2416 pleno
1018 2341 1259 2400 lactavit
1283 2341 1372 2416 (3)
1397 2366 1455 2410 »,
1498 2344 1623 2414 ipsa
1653 2342 1832 2401 Deum

208 2443 423 2502 multis
464 2444 634 2500 annis
690 2442 932 2500 dulciter
987 2439 1266 2508 educavit,
1309 2441 1433 2513 ipsa
1491 2441 1670 2499 Deum
1727 2442 1834 2499 sibi

210 2540 513 2601 subditum
558 2539 778 2609 habuit,
822 2542 949 2612 ipsa
992 2540 1174 2597 Deum
1217 2555 1423 2611 purum
1468 2540 1525 2596 in
1568 2540 1833 2613 amplexi·

348 2790 396 2849 1)
432 2789 546 2835 Luc.
588 2788 665 2847 10,
700 2788 780 2835 42.

343 2870 395 2929 2)
433 2868 585 2917 Serm.
620 2870 669 2916 2.
705 2869 762 2915 de
793 2869 1007 2916 Annunt.
1043 2869 1098 2915 B.
1138 2868 1203 2915 Μ.
1239 2868 1297 2915 V.
1333 2882 1382 2914 n.
1419 2867 1466 2913 2.

343 2951 394 3010 3)
431 2949 670 3010 Brevin„
707 2964 920 3009 respons,
955 2950 1016 2997 ad
1046 2950 1160 2997 lect.
1196 2949 1244 2996 8.
1279 2948 1329 2997 in
1363 2948 1588 2997 Circumc.
1625 2950 1757 2997 Dom.
