2237 3481
773 250 973 293 necno
1017 251 1183 294 xvm.
1668 237 1787 295 275

180 441 371 515 elegit,
436 441 741 515 plantavit,
805 443 1060 515 inquam,
1106 442 1429 501 medullam
1493 445 1650 502 cedri
1681 442 1790 519 (1),

182 540 486 598 medullam
527 542 751 614 generis
798 539 1050 611 humani,
1095 541 1151 599 id
1193 541 1281 599 est
1337 558 1529 600 omnes
1585 542 1792 600 electos

181 636 303 706 Dei,
347 654 584 710 quorum
627 638 853 710 quidam
898 640 955 695 in
1000 656 1081 711 re,
1118 639 1344 712 quidam
1389 641 1446 697 in
1492 656 1591 713 spe
1634 640 1791 712 plan-

180 733 289 792 tati
339 737 451 793 iam
504 735 642 794 sunt
681 737 738 793 in
784 737 1038 809 angelico
1094 738 1304 795 monte.
1346 736 1393 795 Ο
1435 754 1563 795 vere
1622 755 1792 810 super

180 834 367 891 omnia
409 834 729 907 diligendus
770 834 1012 903 fructae,
1058 835 1292 908 propter
1321 853 1484 909 quem
1516 836 1633 893 tam
1666 835 1792 893 sub-

179 931 395 989 limiter
439 932 739 1004 plantatur
795 934 976 992 omnis
1031 933 1276 991 electus!
1319 934 1587 992 Libenter
1641 934 1792 991 hunc

179 1028 448 1098 fructum,
480 1030 782 1088 Dominum
814 1031 1074 1090 nostrum
1105 1032 1294 1089 Iesum
1328 1032 1638 1102 Christum,
1670 1049 1792 1104 por-

179 1127 306 1185 tare
349 1144 669 1200 possumne,
713 1129 947 1201 propter
990 1147 1154 1202 quem
1199 1131 1348 1187 inter
1403 1132 1635 1204 angelos
1676 1132 1788 1189 iam

180 1227 239 1282 in
284 1242 383 1298 spe
426 1226 676 1299 plantati
719 1244 946 1296 sumus;
990 1227 1123 1286 huic
1163 1228 1334 1286 etiam
1385 1227 1596 1286 fructui
1650 1245 1788 1286 sem-

180 1339 282 1395 per
320 1324 542 1397 gratias
584 1325 825 1398 agimus,
868 1327 1027 1383 cuius
1068 1327 1260 1399 gratia
1302 1326 1634 1399 angelorum
1672 1328 1792 1384 uni-

180 1421 509 1480 versitatem
542 1423 1013 1497 redintegramus
1046 1423 1206 1482 Unde
1236 1424 1405 1482 huius
1434 1423 1652 1483 fructus
1681 1441 1794 1481 ma-

178 1519 268 1577 ter
309 1518 491 1578 Maria
536 1520 673 1578 bene
718 1522 908 1594 potest
960 1521 1197 1596 gloriari
1259 1522 1317 1580 et
1377 1522 1556 1581 dicere
1619 1522 1792 1580 verba

178 1618 299 1686 illa,
364 1635 508 1690 quae
570 1618 770 1677 beatus
795 1632 803 1639 ·
832 1620 1160 1678 Bernardus
1191 1621 1279 1695 (2)
1345 1621 1508 1694 quasi
1571 1638 1636 1678 ex
1698 1637 1793 1679 ore

177 1715 394 1775 Mariae
431 1717 667 1790 loquens
709 1717 820 1775 ait:
874 1742 902 1770 «
931 1718 1333 1793 Angelicarum
1362 1719 1789 1793 generationum

177 1831 448 1873 numerus
512 1832 611 1888 per
671 1833 852 1874 meum
903 1818 1237 1890 generatum
1290 1817 1788 1890 redintegrabitur,

181 1911 257 1969 et*
295 1912 585 1971 hominum
646 1903 937 1988 generatio
980 1897 1035 1972 in
1082 1915 1264 1973 Adam
1330 1915 1628 1972 maledicta
1693 1932 1792 1987 per

180 2010 532 2068 benedictum
576 2011 824 2070 fructum
869 2013 1087 2071 ventris
1124 2015 1230 2071 mei
1273 2014 1344 2071 ad
1386 2013 1672 2071 aeternam
1705 2013 1793 2071 be-

177 2107 548 2168 nedictionem
593 2110 1019 2183 regenerabitur
1050 2135 1107 2169 >›.

339 2206 694 2278 Duodecim0‚
736 2210 1031 2278 carissimi,
1064 2211 1415 2269 necessarius
1445 2211 1533 2268 est
1571 2209 1792 2282 fructus

178 2304 396 2362 Mariae
412 2305 738 2364 benedictus
753 2307 823 2364 ad
835 2309 1342 2379 perpetuatione-m
1362 2308 1592 2381 ylerdae
1615 2311 1791 2365 aeter-

174 2402 357 2476 ηαῑίε,
400 2420 542 2476 quae
585 2403 816 2461 aeterna
859 2421 968 2463 non
1014 2406 1183 2472 esset,
1214 2407 1324 2463 nisi
1368 2422 1467 2477 per
1494 2405 1644 2463 hunc
1673 2405 1793 2462 fru-

176 2500 331 2557 ctum
380 2502 846 2571 conservaretur3
889 2503 1036 2559 unde
1092 2502 1299 2560 dicitur
1354 2503 1790 2561 Proverbiorum

177 2598 468 2658 undecimo
493 2598 614 2674 (3):
640 2600 905 2657 Fructus
932 2600 1095 2673 iusti,
1122 2599 1345 2672 liquam
1372 2602 1540 2658 vitae.
1566 2600 1792 2673 Optime

181 2742 501 2751 -——-——-

306 2829 351 2887 1)
387 2828 555 2875 Ezech.
596 2829 671 2888 17,
706 2828 785 2876 22.

300 2909 350 2969 2)
386 2910 494 2956 Loc.
531 2924 640 2970 pag.
678 2910 788 2956 274.
825 2911 941 2956 nota
979 2909 1021 2956 1.
1058 2908 1145 2957 cit.
1454 2909 1502 2969 3)
1541 2910 1675 2956 Vers.
1715 2911 1792 2976 30·
