2237 3481
864 286 1063 328 an'mo
1103 287 1160 326 x.
1699 266 1813 326 137

210 478 420 550 quarto
452 474 574 551 (1):
619 477 824 535 Favus
868 477 1168 536 distillans
1210 476 1373 534 labia
1416 479 1539 548 tua,
1580 491 1816 548 sponsa,

208 575 325 633 mel
390 578 447 632 et
512 575 604 641 lac
664 575 770 633 sub
833 575 1040 648 linqua
1082 578 1212 633 tua.
1252 573 1298 632 Ο
1339 591 1506 647 quam
1548 572 1819 631 melliflua

211 673 388 732 verba
446 674 672 745 saepius
734 672 1161 730 distillaverunt
1219 672 1543 729 dulcissima
1603 671 1817 729 Mariae

210 772 404 830 labia!
451 771 603 841 Quae
646 772 814 829 etiam
860 771 997 830 bene
1041 772 1226 829 lacet
1278 770 1392 828 mel
1445 769 1551 828 sub
1608 769 1819 843 linqua

207 871 417 928 habuit
459 872 516 928 in
559 871 774 929 duobus
817 871 1021 938 verbiS,
1064 886 1208 943 quae
1267 871 1392 941 ipsa
1448 868 1695 926 Gabrieli
1737 885 1819 926 re-

210 968 447 1042 spondit
476 968 586 1042 (2).
628 969 830 1027 Nonne
872 969 1055 1025 Maria
1094 968 1185 1025 lac
1229 967 1333 1025 sub
1368 968 1565 1040 lingua
1598 965 1817 1035 habuit,

210 1067 439 1141 quando
468 1067 712 1125 lacteum
741 1067 882 1124 illud
910 1065 1290 1124 continentiae
1333 1065 1566 1122 verbum
1596 1079 1820 1136 respon-

209 1165 297 1223 dit
328 1164 453 1239 (3):
505 1163 801 1239 Quomodo
837 1163 935 1235 fiet
963 1163 1141 1235 istud,
1173 1164 1453 1234 quoniam
1478 1163 1817 1226 virumpnon

208 1279 491 1337 coquosoo
514 1263 545 1320 .9
587 1263 789 1321 Nonne
831 1263 1001 1320 etiam
1045 1263 1151 1320 mel
1196 1262 1300 1319 sub
1341 1262 1539 1333 lingua
1595 1260 1812 1328 habuit,

210 1362 440 1436 quando
481 1362 814 1420 mellifluum
868 1362 1009 1419 illud
1061 1361 1405 1419 obedientiae
1447 1360 1680 1417 verbum
1736 1375 1818 1416 re-

213 1460 450 1534 spondit
479 1460 601 1535 (4):
646 1461 815 1532 Eece,
859 1459 1082 1517 ancilla
1122 1460 1387 1531 Domini,
1415 1457 1525 1528 fiat
1563 1457 1710 1514 mihi
1736 1473 1814 1515 se-

210 1558 470 1618 cundum
511 1559 748 1616 verbum
790 1556 997 1616 tuum?
1032 1558 1114 1616 De
1145 1556 1534 1614 mellifluentia
1576 1571 1818 1628 namque

210 1658 384 1716 huius
422 1657 677 1715 melliflui
708 1657 863 1714 verbi
917 1679 944 1707 «
977 1673 1075 1728 per
1117 1655 1300 1718 totum
1337 1654 1607 1712 mundum
1639 1654 1819 1711 melli-

209 1758 312 1815 flui
341 1756 480 1815 facti
517 1757 653 1815 sunt
695 1756 832 1814 caeli
858 1756 946 1830 (5)
971 1778 998 1807 »
1025 1777 1038 1824 ;
1069 1755 1252 1812 Maria
1294 1756 1526 1825 insuper
1561 1753 1670 1810 mel
1713 1751 1818 1810 sub

207 1858 412 1930 lingua
440 1856 644 1914 habuit
683 1857 741 1913 in
785 1854 1068 1913 mellifluis
1111 1852 1461 1912 orationibus
1501 1851 1574 1909 ad
1617 1852 1813 1919 Deum,

207 1955 299 2013 lac
342 1971 475 2012 vero
532 1954 637 2012 sub
684 1954 884 2027 lingua
923 1952 1125 2010 habuit
1166 1953 1223 2009 in
1265 1950 1463 2009 lacteis
1513 1949 1819 2008 collationi·

208 2053 318 2111 bus
342 2052 433 2128 (6)
463 2052 536 2110 ad
580 2054 913 2124 proximum.
950 2051 1054 2108 Eia
1096 2066 1248 2123 ergo,
1279 2050 1479 2122 quanti
1520 2048 1733 2107 decoris
1760 2047 1819 2104 et

207 2151 412 2225 quanti
454 2151 699 2209 dulcoris
742 2150 830 2209 est
870 2150 982 2207 ista
1024 2165 1234 2222 sponsa
1264 2149 1465 2204 summi
1497 2145 1818 2205 Consolato-

208 2251 322 2307 ris!
373 2272 404 2300 «
444 2248 596 2318 Quae
639 2249 743 2317 est,
785 2248 969 2321 inquit
1011 2246 1370 2320 Augustinus
1395 2244 1504 2319 (7),
1546 2261 1688 2317 quae
1729 2244 1818 2301 est

208 2348 374 2421 virgo
417 2347 536 2404 tam
580 2348 796 2414 sancta,
841 2346 907 2404 ut
961 2346 1033 2403 ad
1075 2362 1199 2402 eam
1241 2344 1430 2401 venire
1481 2341 1814 2416 dignaretur

341 2552 362 2599 l
423 2551 557 2599 Vers.
600 2550 673 2597 11.

333 2555 387 2693 2}
422 2632 549 2691 Quae
582 2631 841 2689 sequuntur
873 2643 1018 2688 usque
1055 2628 1295 2686 Quomodo
1326 2628 1413 2685 fiet
1434 2627 1606 2674 desunt
1627 2626 1676 2673 in
1707 2626 1813 2673 BC.

336 2714 385 2772 3)
422 2713 536 2760 Luc.
579 2712 621 2772 1,
659 2712 735 2759 34.
1414 2708 1464 2767 4)
1498 2707 1617 2754 Ibid.
1655 2722 1699 2754 v.
1738 2707 1815 2754 38.

335 2795 388 2854 5)
425 2793 660 2851 Breviar„
695 2806 906 2852 responsi.
941 2791 1001 2837 ad
1033 2791 1146 2838 lect.
1181 2788 1228 2837 2.
1264 2789 1315 2836 in
1346 2787 1512 2836 Nativ.
1548 2788 1679 2835 Dom.

335 2877 387 2936 6)
425 2876 462 2920 Β
496 2873 894 2922 allocutionibus.

337 2958 387 3017 7)
424 2956 573 3003 Serm.
611 2955 720 3001 208.
757 2953 957 3013 append.
996 2952 1139 3012 (alias
1173 2952 1274 3011 35.)
1310 2966 1358 2998 n.
1393 2951 1440 2998 4.
