2237 3481
881 284 1081 328 Luc'mo
1123 286 1179 328 v.
1754 269 1831 329 65

227 475 470 548 aperuit,
521 475 589 533 ut
649 477 715 534 de
779 477 1130 550 plenitudine
1192 480 1311 537 eius
1372 479 1655 552 accipiant
1715 481 1835 537 uni-

225 575 404 632 versi:
448 575 712 647 captivus
754 576 1211 649 redemptionem,
1254 595 1422 652 aeger
1464 578 1832 648 curationem,

224 673 413 730 tristis
480 673 939 745 consolationem,
1010 676 1273 749 peccator
1336 678 1574 746 veniam,
1646 676 1834 735 iustus

222 771 491 845 gratiam,
554 773 793 846 angelus
848 774 1147 844 laetitiam,
1191 776 1428 848 denique
1489 775 1614 834 tota
1655 776 1835 833 Trini-

227 871 319 928 tas
358 871 621 943 gloriam,
668 872 796 930 Filii
841 890 1083 946 persona
1140 875 1328 932 carnis
1383 874 1664 933 humanae
1707 874 1834 933 sub-

224 969 499 1027 stantiam
529 993 587 1026 ».
640 971 886 1030 Fructus
946 973 1115 1031 huius
1175 973 1395 1032 arboris
1457 973 1546 1032 est
1607 973 1722 1042 ille,
1765 973 1833 1031 de

222 1084 331 1140 quo
374 1069 582 1128 dicitur
612 1070 733 1145 (1):
777 1070 1127 1130 Benedictus
1174 1070 1408 1141 fruetus
1462 1073 1679 1130 ventris
1725 1072 1833 1130 tui.

222 1175 343 1234 Iste
386 1171 608 1232 fructus
648 1171 863 1228 rubeus
893 1170 1002 1228 fuit
1024 1172 1318 1245 sanguine,
1343 1170 1613 1242 pallidus
1640 1171 1831 1229 autem

222 1272 436 1342 morte;
479 1271 627 1329 unde
668 1285 879 1342 sponsa
934 1269 1056 1338 Dei,
1112 1270 1168 1326 id
1210 1269 1300 1327 est
1360 1271 1550 1327 anima
1614 1268 1831 1339 sancta,

219 1371 304 1430 ait
346 1370 488 1429 illud
533 1369 892 1427 Canticorum
918 1400 925 1407 κ
947 1367 1148 1441 quinto
1178 1368 1299 1443 (2):
1358 1368 1625 1426 Dilectus
1672 1384 1835 1426 meus

218 1468 509 1529 candidus
549 1470 605 1525 et
632 1466 993 1525 rubicundus
1002 1485 1022 1537 ;
1049 1467 1162 1524 iam
1192 1467 1359 1524 etiam
1390 1467 1570 1524 dicere
1610 1465 1832 1539 potest:

219 1565 480 1626 Dilectus
522 1582 679 1624 meus
721 1565 971 1638 pallidus
1012 1566 1071 1622 et
1133 1565 1497 1626 rubicundus,
1542 1548 1663 1623 Iste
1703 1582 1833 1638 quo-

222 1683 332 1740 que
377 1664 598 1723 fructus
638 1663 805 1722 odore
832 1663 1109 1721 iucundus
1151 1662 1241 1721 est
1268 1663 1486 1723 devotis
1514 1663 1831 1723 animabus,

218 1764 382 1835 Quod
423 1764 563 1822 bene
627 1762 886 1821 senserat
948 1762 1150 1820 beatus
1211 1762 1456 1822 Ioannes
1518 1763 1832 1836 apostolus,

215 1864 316 1938 qui
361 1862 602 1921 Domino
651 1861 796 1919 dixit
825 1861 948 1936 (3):
1017 1884 1047 1912 α
1074 1860 1225 1920 Odor
1268 1862 1403 1919 tuus
1444 1863 1834 1934 concupiscen-

216 1964 336 2021 tias
377 1963 439 2020 in
483 1978 571 2019 me
613 1959 883 2019 excitavit
923 1961 1188 2019 aeternas
1216 1984 1273 2017 ».
1304 1961 1351 2019 O
1395 1962 1602 2031 anima,
1646 1977 1832 2019 nonne

214 2062 446 2122 odorem
488 2060 657 2118 huius
701 2059 924 2118 fructus
972 2059 1193 2118 sentis?
1231 2059 1279 2119 O
1320 2061 1368 2118 si
1412 2060 1669 2130 sentires,
1713 2077 1832 2119 cur-

214 2176 396 2228 rereS,
439 2158 586 2217 sicut
640 2158 848 2216 dicitur
900 2159 1260 2217 canticorum
1305 2160 1486 2231 primo
1518 2159 1638 2234 (4):
1690 2156 1833 2219 Gur-

211 2273 418 2317 remus
458 2258 523 2314 iu
565 2257 798 2315 odorem
839 2260 1276 2331 unquentorum
1318 2260 1554 2315 tuorum
1571 2258 1603 2314 ‚9
1656 2258 1833 2318 Nota·

212 2358 331 2416 bile
394 2357 586 2415 autem
646 2355 752 2424 est,
815 2356 962 2429 quod
1023 2355 1270 2415 fructum
1335 2355 1643 2414 terebinthi
1710 2373 1833 2415 nou

210 2455 538 2528 musetum,
580 2455 677 2514 sed
717 2453 940 2524 femina
978 2455 1148 2512 huius
1189 2455 1409 2514 arboris
1460 2455 1711 2528 proferre
1748 2472 1832 2515 so-

210 2555 322 2614 let.
388 2554 477 2613 Sic
536 2553 685 2613 certe
750 2554 995 2613 fructum
1059 2555 1229 2623 vitae,
1273 2554 1463 2614 Iesum
1522 2554 1830 2625 Christum,

349 2804 396 2863 1)
434 2804 546 2851 Luc.
568 2795 631 2862 '1,
667 2804 745 2851 42.
1493 2804 1544 2862 2)
1578 2803 1712 2852 Vers.
1752 2803 1827 2852 10.

345 2885 396 2944 3)
432 2883 530 2932 Cfr.
566 2883 762 2945 Abdias,
788 2883 972 2932 Histor.
1008 2885 1204 2931 certam.
1241 2886 1395 2944 apost.
1431 2883 1517 2931 lib.
1554 2884 1601 2931 5.

342 2966 395 3025 4)
432 2965 574 3014 Vers.
611 2965 657 3013 3.

1675 3064 1706 3111 5
