2237 3481
884 291 1084 334 an'mo
1126 293 1182 335 v.
1361 292 1369 300 ·
1761 277 1837 333 69

229 499 318 542 mo
342 482 433 557 (1)
465 482 703 541 dicitur:
746 483 1017 556 Maynus
1057 484 1374 556 Dominus,
1404 490 1457 541 ct
1482 500 1705 556 magma
1728 484 1839 540 vir-

231 585 324 640 tus
363 581 507 639 eius,
569 580 727 638 Ruth
792 583 1024 639 veroin
1086 582 1262 639 oculis
1313 582 1477 650 Booz,
1542 581 1723 638 Maria
1778 583 1835 638 in

229 679 405 739 oculis
448 679 675 737 Domini
717 678 864 737 hanc
902 679 1151 752 gratiam
1192 680 1429 749 invenit,
1457 679 1524 737 ut
1565 681 1692 751 ipsa
1729 680 1839 751 spi·

225 794 339 846 038,
383 777 456 850 id„
481 778 571 835 est
611 778 833 835 animas
884 794 921 834 a
976 777 1319 835 messoribus
1374 777 1689 846 derelictaS‚
1732 777 1841 835 col-

222 877 401 949 ligere
443 876 516 933 ad
557 877 781 933 veniam
828 876 1025 948 possit.
1071 875 1177 945 Qui
1221 877 1357 934 sunt
1400 892 1675 934 messores
1725 877 1836 933 nisi

223 974 481 1034 doctores
525 974 583 1032 et
624 974 914 1033 rectores?
954 973 1000 1032 O
1042 991 1173 1032 vere
1215 963 1422 1047 magna
1463 974 1674 1032 Mariae
1711 991 1839 1047 gra-

223 1074 327 1142 tia,
370 1090 483 1146 qua
526 1073 694 1131 multi
734 1091 800 1131 ex
843 1074 923 1130 eis
966 1073 1038 1131 ad
1078 1073 1517 1132 misericordiam
1569 1074 1839 1147 colligun-

222 1172 339 1241 tur,
383 1172 480 1244 qui
523 1189 558 1228 a
599 1170 922 1230 doctoribus
965 1172 1022 1228 et
1073 1172 1386 1229 rectoribus
1428 1170 1701 1244 tanquam
1759 1173 1839 1228 in-

221 1271 577 1344 corrigibiles
640 1270 1071 1343 relinquuntur!
1137 1270 1214 1327 Et
1254 1270 1374 1328 ideo
1437 1269 1575 1328 bene
1635 1269 1837 1328 beatus

219 1369 554 1428 Bernardus
585 1368 675 1443 (2)
720 1369 833 1426 ait:
887 1391 917 1419 ‹<
945 1368 1145 1435 Maria,
1204 1369 1269 1426 tu
1325 1369 1673 1441 peccatorem
1730 1369 1837 1427 toti

218 1467 433 1526 mundo
493 1467 819 1539 despectum
870 1466 1132 1525 materno
1193 1466 1399 1525 affectu
1459 1467 1837 1539 amplecteriS‚

216 1565 379 1625 foves
419 1582 522 1624 nec
563 1565 792 1634 deseris
824 1581 1113 1638 quousque
1155 1565 1434 1624 horrendo
1473 1565 1639 1623 iudici
1680 1567 1838 1623 mise·

217 1682 350 1724 rum
394 1665 721 1724 reconcilies
750 1688 808 1721 ».

385 1765 556 1835 Item,
598 1765 788 1838 gratia
830 1765 1044 1823 Mariae
1102 1766 1281 1823 bonos
1340 1765 1678 1837 impinyuat
1718 1766 1836 1836 pin-

222 1864 471 1939 guedine
546 1866 802 1937 gratia03
879 1864 1026 1921 unde
1106 1863 1488 1922 Ecclesiastici
1568 1863 1837 1936 vigesimo

215 1963 387 2021 sexto
418 1961 510 2035 (3)
555 1961 792 2019 dicitur:
844 1959 1064 2019 Gratia
1104 1961 1371 2019 mulieris
1411 1959 1643 2018 sedulae
1691 1959 1838 2019 delc-

212 2061 406 2118 ctabit
444 2060 641 2117 virum
680 2077 870 2132 suum,
916 2062 971 2117 et
1010 2077 1145 2118 ossa
1201 2059 1369 2117 illius
1417 2059 1835 2132 impinyuabit.

216 2158 456 2216 Mulier
496 2158 704 2217 sedula
744 2158 927 2216 Maria
990 2157 1117 2226 fuit,
1182 2157 1248 2215 de
1309 2159 1468 2215 cuius
1533 2157 1836 2214 sedulitate

210 2257 378 2315 Beda
410 2256 500 2332 (4)
546 2256 660 2313 ait:
715 2278 744 2307 «
773 2256 957 2315 Maria
999 2254 1217 2314 secreta
1258 2256 1361 2313 Dei
1403 2272 1496 2313 ore
1526 2255 1719 2324 tacito,
1760 2256 1837 2312 vi-

352 2479 398 2539 1)
436 2479 614 2525 Psalm.
655 2478 761 2536 146,
796 2479 844 2525 5.
881 2478 915 2525 C
947 2478 1118 2524 habet:
1148 2478 1363 2536 Maqnus
1383 2477 1626 2523 Dominus
1646 2483 1832 2534 noster,

209 2565 264 2607 et
297 2559 674 2619 magnitudinis
705 2559 811 2605 eius
845 2573 945 2604 non
978 2563 1050 2604 est
1082 2558 1204 2615 finis
1239 2558 1337 2617 (Ps.
1378 2557 1485 2615 144,
1522 2558 1611 2618 3.).

344 2640 397 2700 2)
433 2638 601 2687 Potius
633 2639 851 2698 Egbert.‚
887 2639 1034 2686 Serm.
1071 2653 1240 2697 paneg.
1277 2652 1357 2685 seu
1390 2638 1638 2697 Deprecat.
1663 2641 1712 2686 et
1732 2640 1837 2685 laus

206 2722 431 2780 elegant.
453 2720 515 2767 ad
531 2721 587 2767 Β.
608 2720 665 2767 V.
690 2719 838 2779 (inter
855 2734 996 2779 opera
1014 2717 1263 2778 Bernardi)
1289 2733 1337 2765 n.
1362 2719 1411 2777 2,
1433 2719 1596 2778 paucis
1617 2720 1835 2767 mutatis.

346 2803 377 2849 3
435 2801 575 2849 Vere.
616 2802 690 2849 16.

344 2803 397 2943 4}
434 2882 611 2931 Homil.
645 2882 697 2929 in
730 2895 902 2930 aurora
950 2882 1066 2929 Nat.
1108 2882 1240 2929 Dom.
1291 2880 1419 2928 inter
1468 2880 1641 2929 Homil.
1692 2881 1833 2929 hiem.

204 2966 269 3013 de
303 2964 477 3012 Sanct.
514 2965 625 3023 post
656 2963 874 3011 medium.
