2237 3481
406 213 522 273 184
875 196 877 201 ⁴
910 230 1199 274 sensurum
1239 229 1291 276 Β.
1334 230 1397 272 M.
1438 229 1494 273 v.

400 424 493 484 est
530 425 702 497 quasa·
743 441 970 483 aurora
1008 440 1364 498 consumens
1404 425 1464 482 in
1504 423 1781 482 imitanda
1809 425 2007 482 carnis

402 524 461 582 et
500 523 708 582 mentis
748 523 1111 596 virginitate;
1149 521 1408 594 pulchra
1445 524 1515 580 at
1555 523 1703 580 luna
1742 524 1799 579 in
1830 523 2007 580 admi·

401 622 582 681 tanda
622 621 876 695 Virginis
919 620 1292 691 fecunditat03
1336 620 1512 678 electa
1550 623 1619 678 at
1656 621 1749 679 sol
1774 621 1836 678 in
1878 621 2009 680 ado·

402 721 582 779 randa
622 720 825 792 partus
864 720 1163 793 virginalis
1203 718 1517 778 divinitate.

561 818 750 877 Tertio
791 818 1098 887 considera,
1142 819 1448 888 carissime,
1491 818 1638 890 quod
1679 818 2008 877 invenimus

402 906 642 976 Mariam
681 915 1097 990 inyredientem
1139 915 1221 974 ad
1253 915 1513 990 yloriam
1554 915 1856 974 caelestem
1884 917 2007 974 sine

403 1016 710 1074 obstaculo.
747 1014 885 1085 Quis
924 1015 1069 1095 enim
1112 1014 1340 1073 obstare
1383 1014 1575 1086 posset
1614 1013 1813 1072 tantae
1864 1014 2008 1088 regi·

403 1131 509 1172 nae
551 1131 676 1172 cum
719 1113 883 1172 tanto
923 1112 1196 1172 comitatu
1238 1113 1619 1186 ingredienti?
1658 1113 1799 1187 Ipsa
1843 1130 2009 1171 nam-

403 1230 510 1287 que
552 1213 781 1287 signata
821 1212 910 1270 est
952 1229 1051 1284 per
1093 1213 1346 1286 reginam
1390 1212 1553 1281 Saba,
1598 1212 1666 1270 de
1709 1229 1824 1285 qua
1879 1212 2006 1269 dici·

403 1312 500 1370 tur
540 1312 697 1371 tertii
738 1311 953 1385 Regum
997 1312 1208 1370 decimo
1239 1309 1367 1386 (1).·
1408 1310 1494 1369 Et
1532 1311 1808 1384 inyressa
1835 1311 2007 1369 Iera-

402 1410 583 1469 salem
623 1410 810 1468 malto
851 1424 982 1467 cum
1023 1411 1312 1468 comitata,
1365 1413 1419 1467 et
1470 1409 1713 1481 divitiis,
1769 1408 2006 1468 camelis

392 1508 772 1581 portantibus
813 1511 1088 1566 aromata
1128 1511 1183 1565 et
1229 1525 1444 1565 aarum
1485 1507 1784 1578 infinitam
1825 1508 2006 1566 nimis

403 1611 458 1666 et
491 1624 751 1682 yemmas
801 1608 1117 1679 pretiosas,
1186 1607 1490 1666 Considera
1550 1608 1608 1665 in
1662 1605 1755 1664 his
1817 1607 2004 1665 verbis

401 1707 642 1780 gloriam
682 1706 896 1765 Mariae
936 1706 1305 1781 ingredientis
1346 1707 1405 1764 in
1446 1704 1743 1764 caelestem
1786 1704 2006 1763 Ierusa-

402 1807 545 1879 lem;
602 1808 910 1877 considera,
971 1808 1109 1876 dico,
1165 1806 1535 1879 ingredientis
1589 1803 2002 1877 excellentiam,

404 1906 771 1980 ingredientis
804 1907 1151 1979 potentiam,
1202 1904 1571 1978 ingredientis
1625 1903 2001 1977 opulentiam.

404 2004 707 2063 Considera
745 2006 1129 2063 excellentiam
1191 2005 1250 2061 in
1291 2003 1634 2076 principatu,
1690 2002 2002 2075 potentiam

404 2105 462 2161 in
501 2104 792 2173 comitatu,
835 2104 1181 2176 opulentiam
1216 2104 1296 2164 'in
1338 2102 1641 2175 apparatu.
1699 2100 2002 2160 Considera

403 2203 553 2260 eerte
602 2203 996 2262 excellentiam
1045 2202 1425 2274 principatus
1485 2200 1713 2260 nostrae
1777 2201 2002 2273 reginae

403 2301 616 2359 Mariae
657 2303 716 2359 in
757 2316 840 2373 e0,
882 2300 1029 2373 quod
1069 2299 1306 2358 dicitur:
1348 2299 1584 2373 Reyina
1637 2297 1815 2371 Saba,
1860 2297 2002 2372 quod

402 2399 815 2471 interpretatur
855 2400 1077 2457 clamor
1106 2399 1216 2473 (2).
1258 2398 1441 2456 Maria
1483 2398 1629 2456 enim
1672 2397 1762 2455 est
1808 2398 2003 2470 regina

406 2497 616 2568 mundi,
644 2497 741 2556 ubi
769 2498 856 2555 est
883 2499 1094 2556 clamor
1123 2496 1539 2571 gemebundus;
1581 2495 1670 2554 est
1711 2495 1886 2554 etiam
1926 2507 2003 2552 re·

533 2746 554 2791 1
616 2746 748 2792 Vers.
783 2746 830 2792 2.

528 2748 578 2885 23
614 2827 751 2884 Hugo
783 2840 811 2873 a
844 2826 892 2873 S.
920 2826 1071 2874 Charo
1102 2825 1154 2873 in
1188 2827 1266 2873 Ps.
1292 2827 1370 2887 38,
1396 2827 1450 2874 7:
1492 2844 1516 2870 <z
1540 2826 1741 2873 Sabaim
1774 2826 2000 2887 interpre-

411 2908 545 2953 tatur
577 2907 904 2954 convertentes
936 2908 986 2954 et
1017 2908 1289 2954 clamantes
1309 2924 1356 2955 ι.
