2237 3481
168 2940 289 3011 Ἀ

439 261 554 320 164
941 279 1231 321 SPECULUM
1272 281 1324 324 B.
1366 280 1429 324 M.
1472 281 1563 322 v.⁴

436 470 661 528 beatum
705 470 1064 530 Ambrosium
1089 469 1201 544 (1),
1243 471 1339 543 qui
1380 470 1604 529 beatam
1633 471 1928 544 Virginem
1957 473 2033 530 al-

434 569 688 641 loquens,
731 570 946 642 inquit:
1001 570 1136 626 «Tu
1177 570 1319 641 ipsa,
1383 586 1525 641 quae
1582 569 1887 628 Dominum
1944 587 2036 643 ge·

436 668 630 736 unisti,
673 685 738 725 ex
782 668 988 740 populo
1016 667 1200 725 Israel
1241 668 1298 725 in
1336 668 1555 740 virgam
1583 668 1832 736 crevisti,
1862 669 2035 742 virya

437 763 504 822 de
542 764 736 823 radice
777 766 937 824 Iesse
960 766 1048 839 (2)
1094 765 1392 823 surrexisti
1446 766 1505 823 et
1559 765 1821 832 floruisti,
1864 767 2038 840 virya

437 861 651 921 Aaron
690 861 1016 932 fronduisti
1040 864 1128 938 (3)
1172 864 1230 921 et
1292 864 1650 936 peperisti».
1694 863 1802 922 Est
1842 865 2037 922 autem

436 961 619 1019 Maria
661 962 823 1034 virga
883 960 1097 1034 fumea,
1155 963 1318 1034 virga
1360 962 1572 1035 liqnea,
1613 963 1776 1035 virga
1828 979 2035 1036 aurea,

438 1060 601 1132 virga
640 1057 852 1128 ferrea.
895 1059 1076 1117 Maria
1120 1059 1208 1117 est
1250 1061 1413 1133 virga.
1470 1060 1655 1118 fumea
1699 1060 2034 1133 incipienti-

437 1158 561 1231 bus,
606 1159 769 1231 virga
809 1158 997 1230 lignea
1016 1157 1483 1231 proficientibus,
1512 1160 1677 1232 virga
1704 1175 1879 1216 aurea
1909 1175 2038 1217 con-

436 1256 884 1328 summantibu3‚
948 1257 1111 1330 virga
1174 1256 1355 1314 ferrea
1416 1256 1928 1330 incorriyibilibus
1979 1257 2038 1314 et

437 1355 819 1413 daemonibus.

596 1454 749 1522 Dico,
792 1453 939 1527 quod
991 1453 1166 1527 Virgo
1227 1454 1410 1511 Maria
1460 1453 1548 1511 est
1607 1454 1773 1527 virya
1836 1451 2048 1522 fumea·

438 1552 846 1623 incipientibus
888 1551 945 1610 et
986 1552 1424 1624 poenitentibus·
1455 1551 1536 1609 De
1565 1537 1682 1609 hac*
1711 1552 1876 1625 virga
1907 1552 2038 1610 dici·

443 1652 540 1708 tur
585 1650 942 1709 Canticorum
998 1651 1167 1709 tertio
1193 1651 1314 1725 (4):
1364 1651 1524 1726 Quae
1564 1653 1652 1708 est
1705 1651 1843 1724 ista,
1887 1668 2040 1723 quae

440 1749 697 1808 ascendit
746 1766 857 1822 per
917 1751 1203 1808 desertum
1265 1751 1418 1807 sicut
1475 1750 1713 1823 viryula
1771 1748 1930 1819 fumi
1970 1767 2041 1808 ex

448 1848 812 1906 aromatibus
852 1849 1132 1922 myrrhae
1171 1851 1226 1906 et
1268 1848 1460 1906 thuris
1499 1850 1556 1905 et
1613 1849 1870 1907 universi
1912 1849 2043 1921 pul-

438 1947 589 2004 veris
620 1947 1011 2019 piymentarii
1028 1947 1059 2001 ‚2
1093 1947 1403 2006 Desertum
1441 1946 1530 2004 est
1569 1962 1664 2005 cor
1706 1947 2040 2018 peccatoris,

440 2045 586 2118 quod
628 2044 820 2117 utique
862 2045 1144 2102 desertum
1188 2045 1277 2103 est
1316 2062 1351 2102 a
1378 2045 1569 2118 gratia
1597 2045 1656 2102 et
1685 2043 2039 2115 virtutibu83

438 2142 637 2213 fumus
677 2144 867 2201 autem
911 2144 1283 2216 aromaticus,
1325 2143 1514 2201 fumus
1555 2144 1747 2201 suavis
1787 2144 2035 2213 animae,

440 2243 530 2300 est
568 2241 843 2315 aspiratio
885 2243 1002 2313 spei
1046 2243 1258 2300 veniae.
1287 2242 1465 2299 Beata
1495 2243 1685 2315 itaque
1712 2241 1890 2315 Virgo
1921 2244 2041 2300 Ma-

440 2343 526 2399 ria
556 2357 672 2414 per
712 2340 999 2399 desertum
1040 2341 1202 2413 quasi
1255 2339 1493 2413 viv-qula
1545 2338 1699 2409 fumi
1753 2343 2042 2414 ascendit,

439 2439 680 2512 quand0‚
722 2440 847 2510 ipsa
889 2437 1258 2511 suffragante,
1300 2454 1394 2496 cor
1450 2438 1758 2509 peccatoris
1815 2437 2040 2497 fumum

568 2706 611 2763 1)
647 2706 810 2751 Potius
843 2705 1065 2762 Fulgent.
1101 2705 1353 2764 Ruspens.,
1388 2703 1533 2751 Serm.
1570 2702 1620 2750 in
1661 2702 1810 2750 Puris.
1858 2705 1916 2750 B.
1971 2705 2040 2751 M.

439 2786 495 2832 V.
534 2800 563 2831 n
620 2784 648 2831 4

561 2867 610 2924 2)
647 2865 757 2912 lsai.
800 2864 874 2923 11,
915 2867 955 2912 l.

563 2947 611 3006 3)
647 2947 785 2993 Num.
826 2946 899 3005 17,
935 2947 982 2993 8.
1131 3004 1136 3013 ,
1479 3000 1488 3003 ³
1722 2944 1772 3003 4)
1809 2945 1946 2991 Vers.
1985 2947 2037 2992 6.
