2237 3481
405 251 520 312 154
910 271 1200 315 spncmnm
1241 272 1291 316 B.
1335 271 1397 315 n.
1439 272 1495 316 v.

398 466 634 540 propter
670 482 775 525 nos
814 466 953 524 bene
993 466 1358 540 comparatur
1383 483 1652 537 aurora03
1688 483 1824 524 nam
1852 465 2006 525 sicut

397 567 456 623 in
497 565 791 638 Scriptura
832 582 932 638 per
972 583 1236 626 auroram
1277 566 1566 639 signatum
1607 565 1713 635 est,
1751 566 1879 638 ipsa
1907 581 2007 624 no-

399 664 487 722 bis
528 663 617 722 est
656 664 729 721 ad
790 664 968 722 Deum
1023 665 1358 737 mediatrix,
1400 664 1472 721 ad
1513 664 1747 737 angelos
1790 662 2006 736 pacifi-

397 764 603 837 catrix,
645 764 717 820 ad
761 762 1057 822 daemones
1117 761 1493 836 defensatrix,
1545 763 1618 821 ad
1678 779 1782 822 nos
1844 764 2007 835 ipsos

399 861 822 919 illuminatrix.

559 959 750 1018 Primo
790 958 1087 1029 attendite,
1130 960 1425 1029 carissimi,
1471 960 1619 1033 quod
1656 976 1864 1018 aurora
1906 975 2007 1019 no-

405 1057 528 1116 stra
571 1057 753 1116 Maria
793 1058 954 1117 nobis
996 1058 1086 1117 est
1127 1057 1210 1116 ad
1246 1059 1440 1116 Deum
1479 1056 1812 1126 mediatrix,
1856 1058 2010 1115 sicut

407 1156 546 1215 bene
598 1158 659 1215 in
718 1156 947 1216 Psalmo
972 1154 1073 1232 (1)
1105 1156 1393 1231 signatum
1451 1156 1560 1223 est,
1622 1156 1717 1215 ubi
1760 1156 2004 1215 dicitur:

407 1256 574 1315 Tuas
613 1257 700 1314 est
739 1253 877 1329 dies,
920 1257 976 1313 et
1020 1258 1124 1313 tna
1161 1257 1248 1314 est
1284 1272 1439 1327 nox,·
1483 1258 1548 1313 tn
1573 1253 1907 1325 fabricatus
1947 1272 2009 1315 es

403 1371 688 1411 auroram
708 1356 764 1412 et
783 1353 980 1413 solem.
1022 1354 1179 1412 Sicut
1206 1354 1406 1412 beatus
1435 1353 1743 1427 Gregorius
1764 1353 1855 1429 (2)
1886 1354 2004 1412 ait:

413 1475 442 1505 «
467 1453 617 1511 Dies
654 1452 775 1511 vita
814 1452 971 1522 iusti,
1012 1470 1133 1512 nox
1172 1469 1304 1512 vero
1345 1453 1621 1526 accipitur
1648 1453 1769 1510 vita
1806 1459 2005 1525 pecca-

402 1552 544 1611 toris
564 1576 620 1612 ».
663 1551 741 1609 Et
779 1552 899 1611 ideo
939 1552 1078 1610 bene
1120 1553 1416 1611 Dominus
1442 1551 1591 1611 filios
1617 1551 1804 1610 Israel
1830 1567 2008 1624 prae·

403 1649 636 1709 cedebat
664 1667 775 1722 per
816 1649 965 1708 diem
1007 1651 1070 1708 in
1112 1649 1390 1708 columna
1425 1650 1618 1724 nubis,
1640 1666 1751 1722 per
1775 1652 2009 1708 noctem

403 1752 468 1808 in
510 1751 784 1809 columna
825 1751 983 1824 iynis
1006 1749 1117 1825 (3),
1160 1751 1290 1823 quia
1352 1749 1425 1808 ab
1465 1750 1664 1808 ardore
1705 1751 1823 1807 irae
1865 1766 2006 1808 suae

404 1849 676 1922 tanquam
721 1848 898 1907 nubes
941 1850 1063 1922 pios
1106 1848 1357 1923 protegit
1416 1849 1473 1907 et
1534 1848 1808 1922 tanquam
1849 1849 2007 1922 ignis

403 1948 605 2020 impios
667 1947 816 2016 urit3
878 1947 1025 2009 unde
1087 1947 1258 2005 etiam
1319 1947 1457 2005 bene
1511 1948 1594 2006 sol
1656 1947 2011 2021 intelligitur

405 2045 684 2116 Christus,
716 2046 808 2105 Sol
839 2046 1032 2119 utique
1061 2045 1333 2115 iustitiae,
1356 2036 1450 2119 qui
1480 2046 1768 2104 illuminat
1796 2046 2010 2106 electos

403 2145 461 2202 et
522 2145 639 2203 urit
701 2145 986 2218 reprobos.
1050 2143 1315 2202 Graviter
1378 2144 1709 2217 quandoque
1770 2145 1893 2202 urit
1946 2146 2011 2203 in

405 2243 629 2312 mundo,
672 2244 906 2317 gravius
948 2243 1136 2300 autem
1166 2244 1224 2300 in
1261 2242 1479 2311 iudicio,
1507 2244 1845 2316 gravissime
1873 2260 2012 2302 vero

404 2343 462 2399 in
504 2341 742 2400 inferno.
785 2341 869 2398 De
926 2341 1034 2399 hac
1095 2340 1309 2413 triplici
1349 2340 1571 2399 ustione
1613 2341 1860 2414 intelligi
1914 2358 2014 2414 po-

405 2440 520 2499 test
560 2440 701 2498 illud
763 2439 1145 2498 Ecclesiastici
1199 2439 1630 2512 quadragesimo
1685 2439 1856 2499 tertio
1880 2440 2010 2514 (4):

408 2538 746 2611 Triplieiter
783 2538 876 2597 sol
929 2548 1177 2597 exurens
1217 2541 1457 2611 montes,
1497 2538 1554 2595 id
1602 2538 1691 2596 est
1732 2538 2013 2611 superbos

534 2789 578 2848 1)
613 2788 787 2835 Psalm.
826 2787 902 2845 73,
941 2787 1016 2834 16.

529 2871 578 2929 2)
614 2868 787 2915 Homil.
822 2869 901 2915 21.
938 2867 987 2915 in
1020 2869 1202 2927 Evang.
1239 2883 1289 2916 n.
1326 2869 1371 2915 3.

531 2950 578 3010 3)
614 2950 764 2996 Exod.
804 2950 880 3009 13,
913 2949 993 2997 21.
1694 2950 1745 3010 4)
1781 2950 1919 2997 Vers.
1953 2949 2007 2998 4.
