2237 3481
857 275 1056 316 Luc‘mo
1100 276 1194 317 xv.
1714 255 1828 315 221

227 465 439 538 Dentes,
481 466 906 524 maledictionis
945 465 1060 536 filii
1100 465 1207 523 etc.
1252 464 1464 524 Contra
1503 465 1650 523 hanc
1704 483 1832 523 ava-

222 565 391 622 ritiae
433 564 882 622 maledictionem
926 564 1108 622 Maria
1163 563 1371 622 meruit
1428 563 1722 637 largitatis
1775 563 1833 621 et

225 661 573 735 profusionis
612 661 1072 721 benedictionem.
1099 661 1239 735 Ipsa
1276 679 1518 735 namque
1559 661 1831 733 tanquam

221 777 361 819 vera
402 760 639 819 fontana
681 777 901 832 semper
924 746 1052 819 'fuit
1090 760 1343 828 effluenS,
1388 776 1607 832 semper
1649 760 1871 836 larga„

223 859 284 917 et
323 859 446 918 ideo
488 876 618 917 vere
661 858 970 928 benedicta,
1015 859 1175 916 iuxta
1216 859 1358 916 illud
1399 858 1830 917 ProverbiOrum

223 957 424 1032 quinto
449 955 570 1032 (1):
601 957 713 1016 -Sit
749 974 897 1014 vena
940 960 1042 1014 tua
1071 958 1381 1017 benedicta.
1425 958 1496 1015 In
1549 957 1834 1030 tempora-

221 1055 376 1114 libus
417 1072 561 1113 vena
601 1055 716 1113 ista
757 1055 940 1112 Maria
978 1056 1108 1128 plns
1151 1073 1318 1129 quam
1349 1056 1514 1129 larga
1543 1056 1669 1124 fuit,
1699 1057 1831 1129 quia

221 1156 385 1227 large
427 1154 485 1212 et
527 1154 772 1226 perfecte
813 1156 1001 1212 omnia
1039 1154 1411 1227 contempsit;
1454 1156 1602 1213 unde
1643 1172 1832 1213 secun-

220 1253 357 1310 dum
372 1251 773 1325 expositionem
791 1252 1103 1326 Haymonis
1116 1251 1205 1327 (2)
1240 1275 1269 1303 ‹<
1284 1252 1451 1310 beata
1468 1252 1567 1310 Dei
1582 1252 1830 1326 genitrix

227 1351 434 1408 lunam
475 1350 581 1408 sub
611 1349 866 1423 pedibus
889 1349 978 1425 (3)
1022 1350 1242 1420 habuit,
1272 1352 1405 1424 quia
1445 1351 1648 1409 cuncta
1690 1351 1832 1409 tem-

220 1449 443 1522 poralia
471 1448 805 1521 despexit».
834 1448 881 1508 O
909 1449 1156 1522 quantae
1190 1449 1410 1522 gratiae
1441 1467 1541 1522 per
1567 1450 1717 1507 hanc
1744 1466 1831 1508 ve-

219 1564 354 1605 nam
398 1547 471 1605 ad
499 1546 757 1606 homines
782 1546 1168 1609 defluxerunt!
1200 1546 1285 1604 Sit
1320 1560 1471 1620 erge,
1502 1564 1533 1606 o
1562 1547 1829 1616 Ecclesia,

220 1661 367 1702 vena
411 1647 517 1702 tua
554 1646 869 1718 benedicta,
905 1662 1006 1718 per
1046 1662 1215 1719 quam
1261 1645 1364 1702 tibi
1392 1645 1557 1702 tanta
1586 1645 1831 1704 affluunt

219 1744 390 1803 bona.
452 1744 597 1803 Vere
662 1761 804 1802 vena
866 1745 1089 1812 nobilis
1154 1761 1297 1801 vena
1352 1744 1569 1816 Spiritu
1632 1745 1827 1804 sancto

220 1843 411 1915 plena,
457 1859 601 1900 vena
643 1842 817 1901 fontis
860 1843 1028 1910 vitae,
1073 1859 1216 1899 vena
1253 1842 1457 1900 salutis
1485 1842 1714 1901 nostrae
1743 1844 1832 1901 est

223 1940 441 2016 Maria⁸¹
473 1940 583 1998 Per
624 1940 770 1998 hanc
824 1957 1066 2013 namque
1125 1956 1323 1997 venam
1381 1940 1508 1999 fons
1563 1941 1714 1998 vitae
1756 1941 1827 1998 ad

219 2054 325 2097 nos
370 2038 544 2107 venit,
587 2039 646 2097 et
688 2056 789 2111 per
847 2038 993 2097 hanc
1041 2039 1114 2096 ad
1156 2038 1368 2097 fontem
1426 2039 1595 2107 vitae,
1637 2040 1829 2097 Iesum

221 2136 535 2204 Christum,
579 2137 748 2195 etiam
791 2153 894 2195 nos
956 2138 1232 2203 venimus,
1275 2137 1333 2195 et
1393 2137 1515 2195 ideo
1559 2154 1687 2196 vere
1742 2138 1831 2195 est

219 2235 547 2305 benedicta3
588 2235 736 2293 unde
778 2235 979 2293 beatus
1007 2235 1335 2294 Bernardus
1365 2235 1453 2310 (4)
1496 2236 1608 2293 ait:
1663 2259 1692 2287 ‹<
1719 2236 1830 2294 Per

221 2334 280 2392 te
321 2350 606 2391 accessum
649 2333 922 2391 habemus
963 2334 1033 2391 ad
1077 2335 1305 2402 Filium,
1351 2351 1382 2395 o
1426 2334 1715 2393 benedicta
1743 2335 1832 2391 in-

218 2431 447 2490 ventrix
487 2432 728 2505 gratiae,
770 2432 1017 2505 genitrix
1059 2433 1228 2502 vitae,
1273 2433 1454 2492 mater
1497 2434 1719 2502 salutiS,
1763 2432 1831 2492 ut

221 2548 324 2604 per
352 2529 411 2588 te
441 2531 716 2603 suscipiat
757 2547 860 2589 nos
888 2532 982 2604 qui
1023 2548 1125 2603 per
1154 2531 1210 2589 te
1239 2531 1408 2589 datus
1451 2532 1540 2591 est
1580 2532 1741 2592 nobis
1770 2556 1827 2588 ».

351 2779 396 2839 1)
433 2780 567 2828 Vers.
608 2780 683 2827 18.
1027 2783 1077 2840 2)
1115 2780 1372 2829 Comment.
1407 2782 1456 2829 in
1490 2783 1633 2842 Apoc.
1668 2797 1709 2830 c.
1751 2784 1824 2830 12.

346 2861 394 2920 3)
430 2861 574 2920 Apoc.
616 2862 691 2920 12,
732 2861 774 2908 1.

344 2940 394 3001 4)
430 2941 579 2988 Serm.
615 2942 663 2987 2.
700 2942 756 2989 de
789 2941 1006 2990 Adventu
1040 2943 1170 2991 Dom.
1208 2958 1257 2991 n.
1293 2944 1341 2990 5.
