2237 3481
364 249 484 309 104
614 329 617 330 ⁷
875 269 1166 311 senonum
1207 271 1258 314 Β.
1301 270 1365 311 Μ.
1407 270 1463 312 v.

360 461 537 519 citur:
581 461 937 533 Impleverat
984 461 1184 534 ,qloria
1245 462 1491 519 Domini
1550 462 1786 520 domum
1851 463 1972 520 Do·

361 560 526 617 mini.
586 560 749 618 Punc
811 560 899 616 ait
963 556 1278 619 Salomon:
1324 561 1617 618 Dominus
1680 560 1852 634 dixit,
1903 564 1973 618 ut

292 727 301 734 X
362 657 657 715 habitaret
694 658 760 714 in
800 657 1028 715 nebula.
1077 657 1290 715 Domus
1331 675 1465 731 ergo
1517 658 1742 717 Domini
1782 659 1971 717 Maria

118 2938 299 3039 Ἦ

329 3154 545 3380 ἓ,

359 755 594 826 impleta
637 756 725 813 est
763 757 947 829 gloria
975 756 1198 813 divinae
1228 756 1542 814 maiestatis
1573 773 1672 828 per
1699 756 1968 814 nebulam

360 854 648 911 assumtae
689 871 724 910 a
782 853 895 911 Deo
950 853 1346 922 llumanitati8‚
1402 854 1558 911 illam
1615 854 1735 913 dico
1791 855 1970 912 nebu-

357 952 492 1020 lam,
543 952 609 1009 de
658 969 769 1024 qua
830 952 1036 1009 dicitur
1097 952 1475 1010 Ecclesiastici
1533 946 1968 1025 quadragesimo

359 1050 529 1109 tertio
561 1048 681 1124 (1):
727 1049 1029 1107 Medicina
1057 1050 1326 1108 omnium
1366 1051 1432 1108 in
1472 1048 1848 1119 festinatione
1875 1067 1968 1109 ne-

361 1147 566 1218 bulae;
602 1148 660 1204 et
688 1148 915 1220 iterum,
942 1147 1318 1205 Ecclesiastici
1350 1150 1815 1222 quinquagesimo
1841 1149 1965 1223 (2):

366 1246 549 1322 Quasi
573 1246 747 1304 stella
773 1247 1070 1304 matutina
1096 1248 1161 1303 in
1189 1246 1375 1304 medio
1406 1246 1647 1304 nebulae
1675 1247 1780 1304 etc.
1812 1247 1965 1304 Nam

358 1346 519 1417 quasi
563 1345 732 1403 stella
770 1346 827 1402 in
870 1345 1077 1402 nebula
1118 1344 1208 1403 est
1254 1345 1503 1403 Verbum
1543 1346 1600 1402 in
1653 1362 1822 1403 carne
1872 1363 1968 1403 as-

362 1442 571 1500 sumta.

516 1542 681 1600 Sexto
743 1542 1173 1610 consideremus,
1224 1543 1519 1610 carissimi,
1569 1543 1716 1615 quod
1777 1543 1966 1601 Maria

356 1640 529 1698 fuerit
591 1641 758 1713 plena
810 1638 1168 1712 perfectione
1227 1641 1580 1699 universalis
1641 1642 1963 1703 Ecclesiae.

357 1738 627 1798 Diversas
667 1740 813 1798 enim
856 1740 914 1797 et
958 1738 1222 1797 mirificas
1285 1739 1653 1812 perfectiones
1716 1740 1774 1797 et
1835 1758 1966 1814 gra·

358 1838 470 1897 tias
510 1840 568 1896 in
612 1839 852 1897 diversis
895 1839 1108 1896 sanctis
1153 1840 1270 1896 suis
1311 1838 1513 1896 habuit
1553 1839 1612 1896 et
1652 1839 1827 1897 habet
1863 1840 1966 1898 Ec·

356 1938 544 2006 clesia,
607 1938 664 1994 in
728 1954 966 2009 quarum
1031 1936 1381 2009 plenitudine
1443 1937 1666 1995 videtur
1728 1937 1965 1996 detenta

356 2035 530 2093 fuisse
573 2035 773 2104 Maria,
817 2034 883 2092 ut
923 2052 1053 2092 vere
1096 2035 1276 2092 dicere
1333 2035 1513 2107 possit
1567 2035 1709 2093 illud
1766 2035 1963 2094 Eccle-

352 2133 570 2190 siastici
610 2134 881 2206 vigesimo
923 2131 1126 2205 quarto
1152 2131 1273 2206 (3):
1318 2132 1397 2190 In
1427 2131 1802 2204 plenitudine
1829 2151 1965 2192 san·

355 2233 580 2288 ciorum
610 2230 856 2288 detentio
882 2215 1029 2287 mea.
1059 2229 1137 2287 Re
1169 2247 1301 2288 vera
1330 2232 1476 2288 enim
1510 2231 1570 2287 in
1588 2230 1965 2302 plenitudine

354 2332 694 2387 sanctorum
708 2329 920 2386 Mariae
935 2329 1180 2388 detentio
1202 2328 1328 2397 suit,
1345 2329 1476 2386 dum
1499 2330 1556 2385 in
1580 2328 1818 2387 mirifica
1839 2346 1964 2402 per·

355 2426 592 2485 sectione
635 2443 738 2484 sua
781 2426 1070 2499 plenitudo
1101 2426 1459 2498 perfectionis
1497 2426 1821 2487 sanctorum
1853 2427 1960 2485 sibi

354 2542 467 2584 non
524 2523 719 2594 defuit,
777 2525 923 2582 sicut
977 2524 1178 2583 beatus
1231 2524 1556 2582 Bernardus
1610 2525 1722 2582 ait:
1791 2547 1821 2576 α
1848 2525 1964 2584 Me·

355 2624 465 2682 rito
505 2624 569 2680 in
599 2622 970 2695 plenitudine
1005 2626 1346 2681 sanctorum
1390 2622 1633 2681 detentio
1675 2624 1820 2696 eius,
1844 2615 1849 2620 ’
1870 2626 1962 2682 cui

569 2768 676 2776 ⁴——

484 2855 528 2914 1)
565 2854 698 2902 vers,
734 2854 813 2902 24.
1648 2854 1698 2913 2)
1734 2853 1871 2901 Vers.
1908 2855 1956 2902 6.

481 2935 528 2994 3)
564 2935 698 2982 Vers.
739 2935 813 2982 16.
1756 2963 1763 2972 .
