2237 3481
788 1024 1040 1122 &ectio
1101 1029 1293 1096 rw,

226 1252 392 1329 Quod
432 1272 632 1313 novem
673 1253 789 1313 sint
826 1251 1206 1332 plenitudines
1246 1252 1307 1313 in
1348 1252 1543 1326 Maria,
1578 1273 1718 1333 quae
1748 1274 1847 1315 no-

395 1370 523 1412 vem
562 1350 817 1412 ordinum
858 1351 1184 1430 angelorum
1209 1351 1587 1430 plenitudines
1624 1372 1845 1432 reprae-

392 1458 620 1511 sentant
658 1450 719 1511 in
760 1450 958 1529 gloria.

856 1679 1228 1686 ———-—.

340 1857 570 2057 give,
595 1964 827 2032 Maria,
847 1965 1054 2038 qratia
1070 1963 1276 2036 plena.
1300 1965 1431 2025 Non
1454 1964 1663 2025 sufficit
1683 1966 1841 2025 areh-

226 2064 437 2136 angelo
477 2063 727 2137 gratiam
780 2063 994 2121 Mariae
1050 2064 1381 2136 simpliciter
1435 2066 1842 2134 commendare,

226 2162 330 2221 sed
370 2162 541 2220 etiam
588 2161 995 2235 plenitudinem
1037 2163 1158 2220 eius
1202 2163 1385 2221 voluit
1425 2163 1722 2236 signanter
1756 2165 1843 2222 in-

227 2263 480 2330 sinuare,
521 2278 647 2319 cum
690 2260 861 2318 dixit:
902 2262 1135 2334 qratia,
1154 2261 1359 2333 plena.
1402 2260 1448 2320 Ο
1488 2279 1620 2321 vere
1673 2263 1840 2335 plena
1911 2246 1914 2251 ⁶

224 2360 285 2418 et
329 2359 494 2432 plene
537 2360 736 2432 plena!
781 2360 983 2417 Adhuc
1010 2359 1160 2417 certe
1188 2375 1301 2418 non
1330 2360 1550 2419 dixerat
1579 2360 1805 2420 Gabriel
1824 2354 1842 2420 i

224 2458 400 2531 Ecce,
441 2458 727 2529 concipies
768 2459 832 2515 in
872 2461 1034 2516 utero
1097 2457 1203 2516 etc.
1246 2457 1448 2517 Adhuc
1501 2459 1670 2517 etiam
1727 2477 1838 2520 non

223 2556 480 2615 dixerat:
527 2555 790 2628 Spiritus
830 2559 1069 2614 sanctus
1109 2558 1472 2629 superveniet
1517 2558 1585 2616 in
1640 2561 1692 2616 te
1732 2559 1837 2618 etc.

142 2673 150 2682 ·
222 2657 283 2715 Si
327 2671 464 2729 ergo
505 2654 640 2713 ante
691 2655 1185 2728 superventionem
1242 2655 1489 2728 Spiritus
1545 2654 1747 2726 sancti,
1791 2659 1839 2716 si

223 2754 363 2813 ante
426 2752 846 2827 conceptionem
909 2754 1038 2811 Filii
1082 2754 1186 2811 Dei
1249 2754 1417 2826 plena
1477 2754 1669 2828 gratia
1730 2754 1841 2813 fuit

222 2853 433 2921 Maria,
475 2852 692 2926 quanto
733 2853 917 2926 magis
959 2851 1134 2924 post?
1175 2851 1419 2924 Propter
1459 2851 1563 2911 hoc
1604 2852 1742 2912 bene
1770 2855 1838 2912 de

223 2954 348 3012 eius
377 2951 732 3025 plenitudine
761 2950 820 3009 et
846 2951 913 3009 de
943 2950 1313 3024 plenitudinis
1341 2951 1461 3009 eius
1487 2950 1837 3024 gratitudine
