2237 3481
346 3110 399 3159 ᾗ-

393 240 470 297 74
568 296 581 308 ,
904 256 1195 298 SPECULUM
1233 256 1285 296 B.
1325 256 1390 297 M.
1432 255 1487 298 v.

392 449 483 504 tae
513 445 601 521 (1)
644 449 701 504 et
725 447 1008 505 veritatis.
1039 446 1183 516 Quid
1212 448 1436 516 mirum,
1468 448 1513 504 si
1542 448 1668 519 ipsa
1696 446 1785 504 est
1808 446 1998 518 plena

387 546 593 626 qratia
647 546 800 603 vitae
853 549 908 603 et
961 547 1244 618 veritatis,
1294 563 1436 619 quae
1490 545 1674 603 mater
1729 544 1817 604 est
1871 545 1996 602 eius

390 660 555 717 quem
612 645 854 717 legimus
905 645 1145 716 plenum
1197 646 1431 718 qratiae
1471 647 1526 701 et
1571 644 1836 702 veritatis
1866 643 1993 718 (2)!

386 742 464 800 Et
504 744 638 816 quid
680 744 902 811 mirum,
948 744 996 801 si
1036 744 1094 801 in
1141 743 1241 801 illa
1284 744 1447 817 virga
1488 743 1576 801 est
1617 742 1784 801 tanta
1826 743 2000 801 dono·

389 859 515 900 rum
557 842 806 915 Spiritus
847 842 1030 900 sancti
1060 843 1373 911 affluentia,
1401 844 1460 900 in
1501 844 1660 900 cuius
1701 842 1838 901 flore
1866 842 1999 915 Spi-

387 939 535 998 ritus
578 939 810 998 sanctus
855 940 1131 1013 requievit
1172 957 1296 999 cum
1349 940 1515 998 tanta
1556 941 1828 999 donorum
1872 957 2000 999 suo·

389 1055 513 1095 rum
551 1039 1046 1110 superaffluentia!
1084 1039 1268 1097 Maria
1295 1056 1535 1112 namque
1569 1039 1659 1097 est
1699 1040 1800 1097 illa
1828 1040 2000 1112 virga

388 1135 446 1193 et
485 1136 639 1194 filius
677 1137 888 1194 Mariae
930 1137 1018 1195 est
1061 1138 1157 1195 ille
1186 1137 1307 1206 flos,
1338 1137 1404 1196 de
1433 1155 1542 1211 quo
1571 1137 1776 1195 dicitur
1806 1138 1999 1195 Isaiae

389 1234 679 1293 undecimo
708 1235 826 1311 (3):
876 1236 1233 1310 Eyredietur
1266 1237 1437 1310 virya
1480 1236 1546 1294 de
1587 1235 1787 1294 radice
1816 1235 1998 1309 Iesse,

389 1334 445 1389 et
483 1333 592 1403 flos
633 1333 700 1391 de
738 1333 936 1391 radice
975 1334 1098 1391 eius
1142 1334 1421 1407 ascendet,
1463 1338 1517 1392 et
1555 1335 1870 1407 requiescet
1895 1351 2001 1393 su-

380 1446 495 1502 per
537 1448 667 1489 eum
710 1430 974 1504 Spiritus
1027 1433 1310 1491 Domini.-
1353 1431 1614 1505 Spiritus
1668 1433 1999 1505 sapientiae

391 1533 447 1588 et
498 1523 841 1603 intellectu3‚
905 1531 1154 1602 spiritus
1207 1530 1442 1589 consilii
1493 1534 1549 1589 et
1599 1529 1998 1603 fortitudinis,

389 1629 640 1701 spiritus
699 1630 973 1688 scientiae
1032 1632 1088 1687 et
1135 1629 1403 1704 pietatis,
1450 1633 1506 1688 et
1558 1629 1803 1703 replebit
1863 1646 1999 1687 eum

391 1727 644 1800 spiritus
686 1728 911 1787 timoris
951 1728 1219 1786 Domini.
1260 1728 1332 1786 In
1374 1727 1480 1788 hoc
1520 1727 1657 1788 flore
1706 1729 1850 1786 mira
1906 1728 2000 1787 est

394 1827 642 1900 Spiritus
671 1826 851 1885 sancti
895 1827 1377 1900 superaffluentia,
1408 1827 1474 1885 de
1515 1844 1624 1901 quo
1665 1829 1724 1885 in
1772 1844 1998 1886 omnem

394 1925 701 1983 Ecclesiam
743 1925 861 1982 tam
904 1927 1048 1983 mira
1092 1924 1162 1982 fit
1191 1925 1279 1999 (4)
1321 1925 1635 1995 influentia,
1677 1925 1747 1983 ut
1792 1924 2000 1983 beatus

391 2024 636 2082 Ioannes
665 2024 1016 2097 evangelista
1038 2024 1128 2098 (5)
1159 2024 1338 2081 dicat:
1362 2025 1455 2082 De
1470 2025 2001 2103 plenitudine'eius

390 2139 500 2180 nos
541 2138 741 2180 omnes
783 2122 1122 2193 accepimus,
1148 2122 1409 2196 qratiam
1441 2138 1560 2194 pro
1596 2123 1821 2196 qratia.
1852 2121 1998 2180 Cum

391 2237 525 2294 ergo
567 2221 632 2279 de
675 2220 786 2279 isto
814 2220 950 2279 flore
992 2219 1158 2278 tanta
1200 2220 1391 2293 gratia
1419 2221 1694 2279 redundet
1721 2221 1778 2278 in
1810 2220 1999 2280 totum

393 2318 641 2387 hortum,
691 2321 750 2376 in
805 2319 985 2377 totam
1041 2319 1368 2388 Ecclesiam,
1426 2319 1640 2393 quanto
1695 2320 1879 2393 magis
1937 2321 2001 2378 in

393 2417 562 2477 huius
602 2418 760 2478 floris
800 2419 1040 2492 virgam,
1084 2420 1142 2476 in
1185 2419 1368 2491 ipsam
1411 2420 1681 2476 Mariam!

522 2687 567 2748 1)
603 2687 719 2734 Vide
751 2700 894 2746 supra
925 2699 1035 2746 pag.
1070 2686 1151 2745 27,
1187 2687 1345 2733 notam
1379 2686 1425 2732 2.

520 2768 569 2827 2)
604 2768 736 2814 Ioan.
776 2767 820 2827 1,
859 2767 934 2813 14.

520 2848 568 2906 3)
605 2848 742 2894 Vers.
781 2847 824 2893 1.
862 2861 991 2906 seqq.

519 2928 569 2990 4)
607 2928 640 2976 C
672 2927 794 2987 legit
824 2929 941 2988 ficit.
1578 2928 1628 2990 5)
1663 2928 1793 2976 Ioan.
1835 2930 1882 2989 1,
1922 2930 2000 2981 16.
