2237 3481
387 227 460 286 16
891 245 1182 286 SPECULUM
1223 246 1273 287 Β.
1317 246 1380 286 Μ.
1424 246 1478 287 v.

538 437 707 506 Item,
751 454 853 495 vae
917 436 1304 508 peccatoribus
1373 453 1476 508 pro
1539 438 1707 508 culpa
1770 439 1984 511 operis,

381 538 529 595 sicut
570 536 787 593 dicitur·
836 534 1215 593 Ecclesiastici
1274 535 1515 593 secundo
1545 533 1663 610 (1):
1722 536 1840 594 Vae
1883 536 1986 593 du-

369 635 519 708 plici
559 634 730 692 corde
771 637 826 692 et
881 633 1060 691 labiis
1100 633 1355 691 scelestis
1395 636 1450 691 et
1488 634 1762 692 manibus
1801 634 1990 692 male-

377 732 749 803 facientibus.
792 732 898 789 Hic
922 732 1010 806 (2)
1056 732 1244 789 omnia
1284 731 1398 789 ista
1439 731 1552 789 tria
1594 748 1696 790 vae
1740 733 1983 805 tangun-

380 833 492 890 tur.
552 832 667 890 Vae
728 830 952 903 duplici
1013 831 1199 901 corde,
1248 846 1350 901 pro
1412 831 1581 902 culpa
1622 830 1835 901 cordis3
1880 848 1985 889 vae

382 930 556 988 labiis
583 929 852 1001 scelestis,
878 945 980 1001 pro
1009 929 1177 1001 culpa
1206 929 1351 998 oris3
1382 944 1482 986 vae
1510 929 1783 987 manibus
1809 930 1984 987 male·

376 1028 743 1100 facientibus,
788 1043 891 1099 pro
933 1027 1100 1099 culpa
1143 1028 1347 1099 operis
1399 1026 1445 1084 Ο
1499 1043 1668 1099 quam
1725 1028 1892 1101 longe
1949 1046 1985 1086 a

378 1128 483 1185 tali
524 1143 626 1184 vae
668 1126 779 1183 fuit
822 1141 982 1183 omne
1023 1141 1166 1198 opus
1207 1124 1264 1182 et
1320 1125 1502 1183 omnis
1566 1125 1688 1182 vita
1728 1126 1981 1184 Mariae!

379 1225 621 1298 Propter
649 1225 795 1297 quod
823 1224 961 1281 bene
991 1223 1191 1282 beatus
1211 1224 1537 1281 Bernartius
1556 1223 1644 1298 (3)
1676 1225 1783 1281 ait:
1825 1247 1854 1275 α
1874 1224 1986 1282 De-

377 1325 512 1393 cuit,
555 1325 808 1397 reginam
853 1324 1137 1396 virginum
1182 1323 1462 1395 singulari
1511 1323 1808 1396 privilegio
1850 1341 1986 1381 san-

382 1423 603 1480 ctitatis
665 1422 876 1494 absque
939 1423 1088 1480 omni
1143 1421 1370 1493 peccato
1434 1421 1633 1479 ducere
1674 1422 1872 1491 vitam,
1915 1423 1985 1479 ut

378 1522 510 1580 dum
554 1521 768 1594 peccati
810 1520 1116 1593 mortisque
1148 1519 1375 1592 pareret
1402 1522 1834 1592 peremptorem,
1865 1539 1984 1578 mu-

377 1638 485 1678 nus
527 1622 678 1679 vitae
720 1620 778 1677 et
818 1619 1071 1677 iustitiae
1115 1618 1374 1677 omnibus
1415 1618 1774 1677 obtineret».
1804 1620 1982 1690 Nota,

376 1719 524 1793 quod
565 1718 700 1777 dicit
752 1742 780 1770 ‹<
807 1717 1017 1791 absque
1059 1718 1211 1776 omni
1256 1717 1553 1790 peccato».
1585 1718 1767 1776 Maria
1796 1718 1875 1777 sic
1902 1719 1984 1777 to-

378 1820 495 1875 tam
539 1818 716 1875 vitam
780 1817 956 1885 duxit,
1009 1816 1156 1889 quod
1198 1832 1299 1873 nec
1354 1816 1516 1874 corde
1572 1833 1673 1874 nec
1730 1833 1823 1874 ore
1879 1834 1985 1875 nec

376 1934 541 1990 opere
584 1916 857 1974 maculam
904 1915 1116 1987 peccati
1158 1914 1460 1982 contraxit,
1502 1916 1568 1971 ut
1609 1932 1740 1973 vere
1781 1916 1830 1973 ei
1875 1914 1983 1973 Do-

381 2016 569 2072 minus
610 2014 790 2072 dicere
835 2013 1024 2085 posset
1048 2012 1166 2087 (4):
1216 2014 1364 2071 Tota
1386 2012 1652 2084 pulchra
1678 2029 1753 2084 es,
1786 2014 1984 2071 amica

377 2130 524 2181 mea,
569 2115 622 2169 et
661 2111 899 2169 macula
960 2129 1081 2168 non
1123 2115 1208 2170 est
1247 2112 1312 2168 in
1356 2114 1423 2169 te.
1465 2143 1545 2153 —
1586 2112 1674 2169 Sic
1715 2128 1849 2184 ergo
1891 2114 1981 2169 in-

375 2210 775 2270 nocentissima
817 2209 874 2267 et
916 2209 1276 2267 sanctissima
1303 2209 1485 2266 Maria
1513 2209 1676 2268 corde
1706 2209 1815 2267 fuit
1855 2209 1983 2267 abs-

375 2327 481 2382 que
522 2326 644 2377 vae,
689 2325 782 2366 ore
847 2308 1057 2381 absque
1115 2325 1236 2374 vae,
1294 2324 1458 2380 opere
1500 2308 1712 2381 absque
1755 2325 1878 2378 vae,
1921 2311 1983 2367 et

375 2409 496 2466 ideo
537 2408 746 2465 dictum
790 2408 878 2465 est
919 2409 998 2464 ei:
1042 2406 1186 2465 Ave.

539 2507 801 2576 Secundo
830 2506 1295 2577 considerandum
1340 2506 1445 2575 est,
1488 2506 1633 2578 quod
1664 2506 1845 2564 Maria
1874 2508 1984 2565 im-

374 2607 560 2663 munis
602 2605 711 2663 fuit
753 2622 863 2664 non
908 2605 1087 2663 solum
1118 2622 1154 2662 a
1184 2604 1394 2677 triplici
1423 2622 1525 2662 vae
1554 2606 1753 2677 culpae
1782 2605 1984 2664 actua-

503 2839 547 2898 1)
583 2839 716 2885 VerS.
758 2837 830 2884 14.
968 2837 1018 2896 2)
1054 2837 1129 2883 Ita
1162 2835 1473 2892 correximus;
1509 2838 1547 2883 B
1571 2836 1604 2884 C
1638 2838 1804 2895 legunt
1836 2839 1976 2885 haec.

499 2920 547 2979 3)
582 2918 736 2978 Epist.
778 2918 882 2966 174.
921 2933 969 2965 n.
1006 2919 1053 2965 5.
1578 2918 1628 2978 4)
1665 2918 1804 2966 Cant.
1840 2919 1890 2978 4,
1928 2920 1977 2967 7.
