2237 3481
850 257 1051 301 nmmo
1091 259 1171 301 11.
1698 243 1812 304 143

206 449 500 508 Bernardo
523 448 633 524 (1),
676 450 771 522 qui
812 450 918 507 ait:
973 472 1002 502 «
1030 451 1186 508 Sicut
1226 467 1433 510 aurora
1474 452 1636 510 valde
1678 454 1815 511 ruti-

206 549 337 606 lans
401 547 459 605 in
521 547 728 606 mundo
793 564 1096 622 progressa
1144 566 1223 619 οε,
1266 566 1297 609 ο
1349 550 1549 619 Maria,
1591 552 1816 624 quando

209 647 329 705 veri
371 646 518 705 Solis
580 646 935 719 splendorem
993 647 1190 706 tantae
1253 648 1579 707 sanctitatis
1621 650 1814 708 iubare

207 744 596 818 praecurristi,
639 745 706 802 ut
746 762 876 803 vere
917 745 1062 803 diem
1105 746 1329 816 salutis,
1359 747 1503 810 diem
1546 748 1814 820 propitia-

203 844 398 912 tioniS,
443 841 611 914 diem,
655 859 835 916 quam
861 841 1001 913 fecit
1032 844 1333 903 Dominus
1354 845 1466 919 (2),
1494 862 1529 902 a
1570 846 1670 904 tna
1698 847 1815 904 cla-

205 941 383 999 ritate
445 940 663 1000 initiari
722 941 955 1014 dignum
1018 941 1193 1000 fuerit
1219 966 1277 999 ».
1327 943 1510 1002 Maria
1551 960 1686 1018 ergo
1728 944 1816 1002 est
1888 1006 1894 1012 ,

210 1055 445 1108 aurora,
503 1039 571 1097 de
631 1056 744 1113 qua
805 1039 1011 1098 dicitur
1074 1040 1436 1100 Canticorum
1500 1043 1657 1101 sexto
1690 1043 1811 1118 (3):

211 1138 379 1215 Quae
420 1139 508 1197 est
545 1138 681 1211 ista,
723 1154 874 1209 quae
927 1135 1316 1212 proqreditur
1373 1142 1548 1212 quasi
1589 1158 1816 1200 aurora

206 1236 613 1309 consur-qens?
673 1236 822 1294 Bene
891 1237 1081 1294 autem
1151 1254 1388 1297 aurorae
1450 1241 1814 1312 comparatur

201 1335 391 1393 Maria
435 1334 555 1393 tam
605 1336 840 1407 propter
893 1352 971 1404 se,
1013 1352 1183 1409 quam
1227 1337 1461 1409 prepter
1502 1355 1636 1396 nos:
1692 1355 1813 1410 pro-

203 1434 337 1507 pter
379 1449 438 1491 se
482 1433 823 1506 specialiter,
866 1434 1102 1506 propter
1143 1451 1245 1493 nes
1285 1435 1648 1508 generaliter.
1691 1436 1818 1494 Ma-

201 1534 291 1591 ria
335 1532 572 1604 propter
613 1548 672 1590 se
715 1532 853 1590 bene
907 1531 1271 1605 comparatur
1325 1550 1562 1593 aurorae
1626 1552 1814 1593 secun-

201 1631 338 1689 dum
388 1629 774 1703 scripturam:
819 1631 1020 1703 prime,
1063 1631 1299 1704 propter
1340 1631 1664 1690 abscessum
1711 1650 1815 1691 no-

203 1730 313 1789 ctis
368 1728 611 1804 culpae;
658 1730 917 1801 secunde,
976 1729 1212 1803 propter
1247 1747 1626 1804 proqressum
1667 1732 1813 1792 lueis

198 1829 475 1903 qratiam
529 1828 717 1897 tertio,
774 1828 1009 1901 propter
1057 1832 1256 1886 ortum
1303 1827 1464 1888 Solis
1517 1830 1814 1901 iustitiam

202 1927 432 2001 quarte,
496 1926 731 1999 propter
794 1927 983 1985 locum
1042 1926 1195 1985 sedis
1250 1927 1512 2000 yloriae;
1568 1928 1811 2000 primum

205 2026 266 2084 in
310 2025 644 2098 plenissima
705 2027 826 2083 eius
882 2025 1346 2095 sanctificatione,
1391 2026 1692 2085 secundum
1757 2028 1814 2085 in

201 2124 525 2182 clarissima
565 2124 685 2181 eius
727 2123 1171 2194 conversatione,
1214 2124 1447 2182 tertium
1489 2125 1546 2182 in
1592 2126 1813 2183 mirabi-

200 2222 426 2280 lissima
466 2222 596 2279 Filii
638 2223 758 2280 eius
797 2221 1180 2295 generatione,
1216 2223 1484 2296 quartum
1524 2224 1582 2280 in
1610 2223 1812 2297 glorio·
1885 2230 1890 2237 '

200 2322 433 2380 sissima
472 2322 593 2379 eius
633 2320 981 2380 assumtione
1025 2321 1407 2379 attendamus.

364 2419 558 2478 Primo
599 2419 777 2492 igitur
820 2419 1117 2489 attendite,
1147 2420 1441 2488 carissimi,
1471 2420 1618 2493 qued
1646 2437 1811 2494 quae·

199 2518 332 2576 dam
379 2516 512 2575 felix
554 2533 758 2576 aurora
799 2518 889 2576 est
929 2518 1113 2575 Maria
1156 2518 1390 2591 prepter
1427 2518 1639 2577 felicem
1684 2519 1811 2577 abs·

200 2633 425 2676 cessum
466 2616 654 2675 noctis
696 2616 901 2689 culpae
937 2618 996 2674 in
1040 2618 1128 2674 sni
1157 2616 1633 2687 sanctificatione3
1664 2617 1810 2705 unde

333 2850 379 2910 1)
418 2848 582 2897 Potius
614 2848 833 2908 Egbert„
866 2848 957 2896 loc.
993 2847 1079 2896 cit.
1115 2862 1165 2896 n.
1200 2848 1248 2895 4.

328 2931 380 2990 2)
417 2930 592 2978 Psalm.
632 2929 739 2989 117,
773 2929 853 2977 24.
1503 2929 1552 2990 3)
1589 2929 1721 2977 Vers.
1756 2930 1805 2977 9.
