2237 3481
323 261 437 319 276
831 277 1123 319 spucumm
1163 277 1213 318 Β.
1260 277 1322 318 Μ.
1366 278 1421 319 v.

320 466 541 524 fructus
581 467 688 524 iste
737 466 922 524 dictus
968 467 1055 524 est
1107 466 1327 540 lignum
1372 467 1541 536 vitae,
1583 468 1733 540 quia,
1782 469 1943 526 sicut

316 566 535 638 lignum
579 566 650 623 ad
691 565 1135 623 conservandam
1174 565 1351 623 vitam
1394 563 1716 623 naturalem
1744 567 1805 623 in
1837 583 1942 638 pa-

319 663 507 722 radiso
550 662 829 731 terrestri,
864 664 943 721 sic
973 662 1238 720 Christus
1267 662 1355 719 est
1384 663 1455 720 ad
1483 664 1935 721 conservandam

318 761 497 818 vitam
538 762 825 818 aeternam
870 762 929 818 in
972 761 1237 832 paradiso
1278 761 1525 819 caelesti.
1565 761 1722 819 Haec
1748 762 1939 834 igitur

320 859 485 917 tanta
518 859 682 928 bona,
713 876 854 932 quae
898 875 997 931 per
1041 858 1392 916 benedictum
1423 859 1637 917 Mariae
1677 858 1935 918 fructum

318 959 728 1030 consequimur,
773 957 1098 1015 benedictus
1154 956 1251 1014 ille
1308 955 1615 1015 Anselmus
1644 954 1734 1031 (1)
1788 957 1937 1016 bene

318 1056 585 1132 advertit,
628 1051 761 1114 cum
816 1056 988 1113 dixit:
1043 1078 1072 1107 «
1101 1055 1256 1114 Haec
1318 1057 1496 1130 igitur
1557 1055 1722 1113 tanta
1780 1057 1937 1116 bona

320 1171 420 1226 per
463 1153 813 1212 benedictum
857 1154 1104 1212 fructum
1155 1154 1432 1212 benedicti
1488 1154 1706 1213 ventris
1761 1154 1942 1213 bene-

316 1251 498 1309 dictae
542 1252 754 1309 Mariae
799 1252 1267 1325 provenerunt».

480 1350 567 1407 Sic
627 1367 779 1422 erg0,
836 1351 1133 1420 carissimi,
1177 1350 1421 1420 vidistis,
1479 1351 1753 1423 quomodo
1814 1350 1933 1409 fru-

316 1447 443 1505 ctus
482 1448 695 1506 Mariae
745 1448 1070 1507 benedictus
1126 1451 1479 1507 necessarius
1533 1450 1760 1509 omnino
1806 1450 1932 1507 est:

322 1547 499 1618 primo
541 1546 613 1603 ad
656 1547 990 1619 expiandam
1047 1547 1272 1620 culpam
1329 1547 1642 1617 mortalem,
1686 1548 1935 1606 secundo

316 1644 388 1701 ad
459 1643 862 1717 pacificandam
930 1646 1282 1703 inimicitiam
1353 1646 1691 1719 capitalem,
1754 1646 1934 1704 tertio

317 1743 389 1800 ad
447 1744 758 1801 sanandam
817 1744 1046 1817 plagam
1090 1745 1441 1817 originalem,
1484 1744 1689 1817 quarto
1731 1744 1806 1802 ad
1850 1762 1934 1803 re·

317 1841 619 1899 levandam
682 1842 924 1899 inediam
967 1841 1289 1911 mentalem,
1333 1842 1532 1914 quinto
1588 1841 1659 1900 ad
1714 1841 1935 1900 evitan-

321 1939 449 1996 dam
495 1940 636 1996 iram
681 1939 1014 2009 iudicialem,
1055 1939 1212 1997 sexto
1254 1940 1326 1997 ad
1369 1940 1759 1998 declinandam
1806 1957 1935 2014 poe·

315 2053 446 2094 nam
475 2036 864 2110 gehennalem,
910 2037 1150 2110 septimo
1178 2037 1250 2095 ad
1280 2037 1744 2100 contemnendam
1790 2038 1934 2096 sub-

321 2135 597 2192 stantiam
652 2134 1040 2208 temporalem,
1083 2135 1282 2195 octavo
1338 2136 1411 2194 ad
1469 2135 1934 2209 locupletandam

316 2234 560 2289 animam
636 2233 1002 2303 rationalem,
1067 2251 1215 2293 nono
1284 2234 1356 2292 ad
1426 2234 1931 2293 consummandam

318 2331 494 2388 vitam
560 2331 944 2404 spiritualem,
1014 2332 1224 2391 decimo
1293 2333 1365 2390 ad
1434 2322 1933 2405 multiplicandam

319 2430 624 2487 Ecclesiam
691 2430 1065 2488 universalem
1087 2474 1100 2498 ,
1163 2430 1455 2490 undecimo
1516 2430 1586 2488 ad
1651 2449 1933 2504 reparan—

315 2527 443 2584 dam
489 2528 710 2585 ruinam
770 2529 1165 2601 empyrealem‚
1209 2528 1530 2588 duodecimo
1572 2529 1645 2586 ad
1700 2546 1936 2589 conser-

315 2626 557 2683 vandam
588 2625 677 2700 (2)
720 2626 963 2699 gloriam
1004 2626 1371 2685 aeternalem.
1418 2626 1495 2684 Et
1536 2643 1675 2697 ecce,
1705 2626 1767 2684 hi
1800 2628 1936 2688 duo-

445 2858 490 2915 1)
526 2856 660 2903 Orat.
695 2857 774 2903 52.
814 2856 956 2915 (alias
988 2857 1091 2918 51.)
1128 2859 1240 2906 ante
1273 2856 1489 2905 medium.

442 2937 492 2997 2)
526 2937 565 2983 A
602 2938 640 2983 B
674 2939 1126 2985 consummandam.

2099 2875 2166 2928 ia
