<?xml version="1.0" encoding="UTF-8"?>
<!DOCTYPE html PUBLIC "-//W3C//DTD XHTML 1.0 Transitional//EN"
    "http://www.w3.org/TR/xhtml1/DTD/xhtml1-transitional.dtd">
<html xmlns="http://www.w3.org/1999/xhtml" xml:lang="en" lang="en">
 <head>
  <title>
</title>
<meta http-equiv="Content-Type" content="text/html;charset=utf-8" />
  <meta name='ocr-system' content='tesseract 3.04.00' />
  <meta name='ocr-capabilities' content='ocr_page ocr_carea ocr_par ocr_line ocrx_word'/>
</head>
<body>
  <div class='ocr_page' id='page_1' title='image "./speculumbeataem00brungoog_0239.png"; bbox 0 0 2237 3481; ppageno 0'>
   <div class='ocr_carea' id='block_1_1' title="bbox 848 263 1828 322">
    <p class='ocr_par' dir='ltr' id='par_1_1' title="bbox 848 263 1828 322">
     <span class='ocr_line' id='line_1_1' title="bbox 848 263 1828 322; baseline 0.006 -6"><span class='ocrx_word' id='word_1_1' title='bbox 848 275 1047 319; x_wconf 75' lang='lat' dir='ltr'><strong>Luczmo</strong></span> <span class='ocrx_word' id='word_1_2' title='bbox 1089 278 1204 320; x_wconf 76' lang='lat' dir='ltr'><strong>nv.</strong></span> <span class='ocrx_word' id='word_1_3' title='bbox 1712 263 1828 322; x_wconf 84' lang='lat'><strong>205</strong></span> 
     </span>
    </p>
   </div>
   <div class='ocr_carea' id='block_1_2' title="bbox 207 448 1882 2607">
    <p class='ocr_par' dir='ltr' id='par_1_2' title="bbox 207 448 1882 2607">
     <span class='ocr_line' id='line_1_2' title="bbox 384 448 1831 536; baseline 0.003 -13"><span class='ocrx_word' id='word_1_4' title='bbox 384 465 551 536; x_wconf 86' lang='lat' dir='ltr'><strong>Item,</strong></span> <span class='ocrx_word' id='word_1_5' title='bbox 592 448 887 536; x_wconf 71' lang='lat' dir='ltr'><strong>carissimi,</strong></span> <span class='ocrx_word' id='word_1_6' title='bbox 929 467 1114 525; x_wconf 88' lang='lat' dir='ltr'><strong>Maria</strong></span> <span class='ocrx_word' id='word_1_7' title='bbox 1154 483 1266 526; x_wconf 89' lang='lat' dir='ltr'><strong>non</strong></span> <span class='ocrx_word' id='word_1_8' title='bbox 1315 468 1498 527; x_wconf 90' lang='lat' dir='ltr'><strong>solum</strong></span> <span class='ocrx_word' id='word_1_9' title='bbox 1539 467 1831 527; x_wconf 88' lang='lat' dir='ltr'><strong>benedicta</strong></span> 
     </span>
     <span class='ocr_line' id='line_1_3' title="bbox 218 563 1827 638; baseline 0.001 -16"><span class='ocrx_word' id='word_1_10' title='bbox 218 563 329 633; x_wconf 90' lang='lat' dir='ltr'><strong>est,</strong></span> <span class='ocrx_word' id='word_1_11' title='bbox 370 566 505 637; x_wconf 89' lang='lat' dir='ltr'><strong>quia</strong></span> <span class='ocrx_word' id='word_1_12' title='bbox 548 581 649 638; x_wconf 89' lang='lat' dir='ltr'><strong>per</strong></span> <span class='ocrx_word' id='word_1_13' title='bbox 689 581 813 622; x_wconf 87' lang='lat' dir='ltr'><strong>eam</strong></span> <span class='ocrx_word' id='word_1_14' title='bbox 852 565 1128 624; x_wconf 83' lang='lat' dir='ltr'><strong>Dominus</strong></span> <span class='ocrx_word' id='word_1_15' title='bbox 1154 565 1368 624; x_wconf 91' lang='lat' dir='ltr'><strong>homini</strong></span> <span class='ocrx_word' id='word_1_16' title='bbox 1398 566 1693 638; x_wconf 87' lang='lat' dir='ltr'><strong>placabilis</strong></span> <span class='ocrx_word' id='word_1_17' title='bbox 1721 566 1827 636; x_wconf 89' lang='lat' dir='ltr'><strong>est,</strong></span> 
     </span>
     <span class='ocr_line' id='line_1_4' title="bbox 217 660 1829 737; baseline 0.001 -17"><span class='ocrx_word' id='word_1_18' title='bbox 217 678 336 721; x_wconf 91' lang='lat' dir='ltr'><strong>non</strong></span> <span class='ocrx_word' id='word_1_19' title='bbox 379 662 559 721; x_wconf 91' lang='lat' dir='ltr'><strong>solum</strong></span> <span class='ocrx_word' id='word_1_20' title='bbox 603 679 823 736; x_wconf 88' lang='lat' dir='ltr'><strong>quoque</strong></span> <span class='ocrx_word' id='word_1_21' title='bbox 864 662 1158 723; x_wconf 89' lang='lat' dir='ltr'><strong>benedicta</strong></span> <span class='ocrx_word' id='word_1_22' title='bbox 1212 660 1318 734; x_wconf 86' lang='lat' dir='ltr'><strong>est,</strong></span> <span class='ocrx_word' id='word_1_23' title='bbox 1374 665 1508 737; x_wconf 87' lang='lat' dir='ltr'><strong>quia</strong></span> <span class='ocrx_word' id='word_1_24' title='bbox 1551 680 1652 737; x_wconf 91' lang='lat' dir='ltr'><strong>per</strong></span> <span class='ocrx_word' id='word_1_25' title='bbox 1706 681 1829 722; x_wconf 87' lang='lat' dir='ltr'><strong>eam</strong></span> 
     </span>
     <span class='ocr_line' id='line_1_5' title="bbox 216 758 1831 833; baseline 0.004 -18"><span class='ocrx_word' id='word_1_26' title='bbox 216 758 388 819; x_wconf 90' lang='lat' dir='ltr'><strong>homo</strong></span> <span class='ocrx_word' id='word_1_27' title='bbox 429 759 546 820; x_wconf 88' lang='lat' dir='ltr'><strong>Deo</strong></span> <span class='ocrx_word' id='word_1_28' title='bbox 586 760 951 833; x_wconf 87' lang='lat' dir='ltr'><strong>acceptabilis</strong></span> <span class='ocrx_word' id='word_1_29' title='bbox 991 761 1096 830; x_wconf 86' lang='lat' dir='ltr'><strong>est,</strong></span> <span class='ocrx_word' id='word_1_30' title='bbox 1143 761 1239 820; x_wconf 89' lang='lat' dir='ltr'><strong>sed</strong></span> <span class='ocrx_word' id='word_1_31' title='bbox 1280 761 1448 820; x_wconf 87' lang='lat' dir='ltr'><strong>etiam</strong></span> <span class='ocrx_word' id='word_1_32' title='bbox 1491 763 1613 821; x_wconf 94' lang='lat' dir='ltr'><strong>ideo</strong></span> <span class='ocrx_word' id='word_1_33' title='bbox 1663 762 1831 821; x_wconf 91' lang='lat' dir='ltr'><strong>bene-</strong></span> 
     </span>
     <span class='ocr_line' id='line_1_6' title="bbox 220 854 1882 939; baseline 0.003 -24"><span class='ocrx_word' id='word_1_34' title='bbox 220 857 376 916; x_wconf 86' lang='lat' dir='ltr'><strong>dicta</strong></span> <span class='ocrx_word' id='word_1_35' title='bbox 417 858 522 928; x_wconf 92' lang='lat' dir='ltr'><strong>est,</strong></span> <span class='ocrx_word' id='word_1_36' title='bbox 565 860 699 932; x_wconf 90' lang='lat' dir='ltr'><strong>quia</strong></span> <span class='ocrx_word' id='word_1_37' title='bbox 741 875 842 932; x_wconf 89' lang='lat' dir='ltr'><strong>per</strong></span> <span class='ocrx_word' id='word_1_38' title='bbox 883 876 1006 917; x_wconf 87' lang='lat' dir='ltr'><strong>eam</strong></span> <span class='ocrx_word' id='word_1_39' title='bbox 1063 859 1333 919; x_wconf 79' lang='lat' dir='ltr'><strong>diabolus</strong></span> <span class='ocrx_word' id='word_1_40' title='bbox 1383 854 1610 918; x_wconf 64' lang='lat' dir='ltr'><strong>homini</strong></span> <span class='ocrx_word' id='word_1_41' title='bbox 1662 877 1829 933; x_wconf 76' lang='lat' dir='ltr'><strong>supe·</strong></span> <span class='ocrx_word' id='word_1_42' title='bbox 1875 935 1882 939; x_wconf 28' lang='grc'>,</span> 
     </span>
     <span class='ocr_line' id='line_1_7' title="bbox 215 955 1829 1032; baseline 0.002 -19"><span class='ocrx_word' id='word_1_43' title='bbox 215 955 432 1015; x_wconf 81' lang='lat' dir='ltr'><strong>rabilis</strong></span> <span class='ocrx_word' id='word_1_44' title='bbox 474 956 594 1027; x_wconf 85' lang='lat' dir='ltr'><strong>est3</strong></span> <span class='ocrx_word' id='word_1_45' title='bbox 636 957 783 1015; x_wconf 90' lang='lat' dir='ltr'><strong>unde</strong></span> <span class='ocrx_word' id='word_1_46' title='bbox 824 959 950 1029; x_wconf 87' lang='lat' dir='ltr'><strong>ipsa</strong></span> <span class='ocrx_word' id='word_1_47' title='bbox 994 974 1093 1030; x_wconf 91' lang='lat' dir='ltr'><strong>per</strong></span> <span class='ocrx_word' id='word_1_48' title='bbox 1136 959 1294 1017; x_wconf 85' lang='lat' dir='ltr'><strong>illam</strong></span> <span class='ocrx_word' id='word_1_49' title='bbox 1346 958 1543 1017; x_wconf 77' lang='lat' dir='ltr'><strong>Iudith</strong></span> <span class='ocrx_word' id='word_1_50' title='bbox 1600 958 1829 1032; x_wconf 87' lang='lat' dir='ltr'><strong>signata</strong></span> 
     </span>
     <span class='ocr_line' id='line_1_8' title="bbox 216 1053 1825 1130; baseline 0.001 -18"><span class='ocrx_word' id='word_1_51' title='bbox 216 1055 326 1123; x_wconf 85' lang='lat' dir='ltr'><strong>est,</strong></span> <span class='ocrx_word' id='word_1_52' title='bbox 369 1054 436 1113; x_wconf 88' lang='lat' dir='ltr'><strong>de</strong></span> <span class='ocrx_word' id='word_1_53' title='bbox 478 1071 590 1127; x_wconf 87' lang='lat' dir='ltr'><strong>qua</strong></span> <span class='ocrx_word' id='word_1_54' title='bbox 619 1054 825 1114; x_wconf 89' lang='lat' dir='ltr'><strong>dicitur</strong></span> <span class='ocrx_word' id='word_1_55' title='bbox 857 1053 978 1130; x_wconf 81' lang='lat'>(1):</span> <span class='ocrx_word' id='word_1_56' title='bbox 1009 1056 1327 1115; x_wconf 71' lang='lat' dir='ltr'><strong>Benedioec‘t</strong></span> <span class='ocrx_word' id='word_1_57' title='bbox 1356 1059 1406 1114; x_wconf 81' lang='lat' dir='ltr'><strong>te</strong></span> <span class='ocrx_word' id='word_1_58' title='bbox 1433 1057 1732 1115; x_wconf 76' lang='lat' dir='ltr'><strong>Dominus</strong></span> <span class='ocrx_word' id='word_1_59' title='bbox 1759 1057 1825 1114; x_wconf 74' lang='lat' dir='ltr'><strong>in</strong></span> 
     </span>
     <span class='ocr_line' id='line_1_9' title="bbox 215 1152 1827 1229; baseline 0.001 -19"><span class='ocrx_word' id='word_1_60' title='bbox 215 1152 434 1211; x_wconf 79' lang='lat' dir='ltr'><strong>virtute</strong></span> <span class='ocrx_word' id='word_1_61' title='bbox 459 1169 592 1227; x_wconf 78' lang='lat' dir='ltr'><strong>sua,</strong></span> <span class='ocrx_word' id='word_1_62' title='bbox 624 1155 727 1226; x_wconf 75' lang='lat' dir='ltr'><strong>qui</strong></span> <span class='ocrx_word' id='word_1_63' title='bbox 750 1154 839 1229; x_wconf 85' lang='lat'><strong>(2)</strong></span> <span class='ocrx_word' id='word_1_64' title='bbox 859 1170 974 1227; x_wconf 75' lang='lat' dir='ltr'><strong>per</strong></span> <span class='ocrx_word' id='word_1_65' title='bbox 1004 1156 1055 1212; x_wconf 83' lang='lat' dir='ltr'><strong>te</strong></span> <span class='ocrx_word' id='word_1_66' title='bbox 1083 1155 1165 1213; x_wconf 83' lang='lat' dir='ltr'><strong>ad</strong></span> <span class='ocrx_word' id='word_1_67' title='bbox 1189 1154 1447 1213; x_wconf 73' lang='lat' dir='ltr'><strong>nihilum</strong></span> <span class='ocrx_word' id='word_1_68' title='bbox 1474 1154 1694 1229; x_wconf 74' lang='lat' dir='ltr'><strong>redeqit</strong></span> <span class='ocrx_word' id='word_1_69' title='bbox 1720 1155 1827 1212; x_wconf 76' lang='lat' dir='ltr'><strong>ini-</strong></span> 
     </span>
     <span class='ocr_line' id='line_1_10' title="bbox 215 1251 1828 1326; baseline 0.002 -17"><span class='ocrx_word' id='word_1_70' title='bbox 215 1251 399 1310; x_wconf 81' lang='lat' dir='ltr'><strong>micos</strong></span> <span class='ocrx_word' id='word_1_71' title='bbox 439 1255 691 1310; x_wconf 69' lang='lat' dir='ltr'><strong>nostroe.</strong></span> <span class='ocrx_word' id='word_1_72' title='bbox 720 1252 942 1312; x_wconf 84' lang='lat' dir='ltr'><strong>Inimici</strong></span> <span class='ocrx_word' id='word_1_73' title='bbox 972 1253 1157 1312; x_wconf 80' lang='lat' dir='ltr'><strong>nostri</strong></span> <span class='ocrx_word' id='word_1_74' title='bbox 1186 1253 1323 1311; x_wconf 88' lang='lat' dir='ltr'><strong>sunt</strong></span> <span class='ocrx_word' id='word_1_75' title='bbox 1349 1254 1663 1322; x_wconf 88' lang='lat' dir='ltr'><strong>daemones,</strong></span> <span class='ocrx_word' id='word_1_76' title='bbox 1688 1269 1828 1326; x_wconf 87' lang='lat' dir='ltr'><strong>quos</strong></span> 
     </span>
     <span class='ocr_line' id='line_1_11' title="bbox 219 1349 1838 1425; baseline 0.002 -18"><span class='ocrx_word' id='word_1_77' title='bbox 219 1349 392 1407; x_wconf 85' lang='lat' dir='ltr'><strong>beata</strong></span> <span class='ocrx_word' id='word_1_78' title='bbox 431 1349 609 1423; x_wconf 87' lang='lat' dir='ltr'><strong>Virgo</strong></span> <span class='ocrx_word' id='word_1_79' title='bbox 652 1352 733 1410; x_wconf 81' lang='lat' dir='ltr'><strong>ad</strong></span> <span class='ocrx_word' id='word_1_80' title='bbox 771 1351 1028 1409; x_wconf 71' lang='lat' dir='ltr'><strong>nihilum</strong></span> <span class='ocrx_word' id='word_1_81' title='bbox 1067 1350 1307 1425; x_wconf 74' lang='lat' dir='ltr'><strong>redeyit,</strong></span> <span class='ocrx_word' id='word_1_82' title='bbox 1353 1351 1483 1409; x_wconf 92' lang='lat' dir='ltr'><strong>dum</strong></span> <span class='ocrx_word' id='word_1_83' title='bbox 1547 1351 1605 1409; x_wconf 86' lang='lat' dir='ltr'><strong>et</strong></span> <span class='ocrx_word' id='word_1_84' title='bbox 1659 1352 1717 1409; x_wconf 90' lang='lat' dir='ltr'><strong>in</strong></span> <span class='ocrx_word' id='word_1_85' title='bbox 1767 1369 1838 1411; x_wconf 78' lang='lat' dir='ltr'><strong>se,</strong></span> 
     </span>
     <span class='ocr_line' id='line_1_12' title="bbox 213 1447 1875 1522; baseline 0.002 -18"><span class='ocrx_word' id='word_1_86' title='bbox 213 1447 275 1505; x_wconf 91' lang='lat' dir='ltr'><strong>et</strong></span> <span class='ocrx_word' id='word_1_87' title='bbox 317 1449 376 1505; x_wconf 89' lang='lat' dir='ltr'><strong>in</strong></span> <span class='ocrx_word' id='word_1_88' title='bbox 427 1448 627 1506; x_wconf 90' lang='lat' dir='ltr'><strong>multis</strong></span> <span class='ocrx_word' id='word_1_89' title='bbox 676 1449 805 1507; x_wconf 87' lang='lat' dir='ltr'><strong>aliis</strong></span> <span class='ocrx_word' id='word_1_90' title='bbox 861 1450 1010 1507; x_wconf 87' lang='lat' dir='ltr'><strong>vires</strong></span> <span class='ocrx_word' id='word_1_91' title='bbox 1065 1465 1259 1508; x_wconf 89' lang='lat' dir='ltr'><strong>eorum</strong></span> <span class='ocrx_word' id='word_1_92' title='bbox 1321 1449 1616 1522; x_wconf 82' lang='lat' dir='ltr'><strong>confregit,</strong></span> <span class='ocrx_word' id='word_1_93' title='bbox 1680 1449 1826 1507; x_wconf 89' lang='lat' dir='ltr'><strong>sicut</strong></span> <span class='ocrx_word' id='word_1_94' title='bbox 1870 1488 1875 1496; x_wconf 41' lang='grc' dir='ltr'><em>ι</em></span> 
     </span>
     <span class='ocr_line' id='line_1_13' title="bbox 215 1545 1825 1622; baseline 0.001 -18"><span class='ocrx_word' id='word_1_95' title='bbox 215 1545 421 1604; x_wconf 88' lang='lat' dir='ltr'><strong>beatus</strong></span> <span class='ocrx_word' id='word_1_96' title='bbox 473 1546 802 1605; x_wconf 87' lang='lat' dir='ltr'><strong>Bernardus</strong></span> <span class='ocrx_word' id='word_1_97' title='bbox 833 1546 921 1622; x_wconf 89' lang='grc'><strong>(3)</strong></span> <span class='ocrx_word' id='word_1_98' title='bbox 980 1546 1249 1617; x_wconf 88' lang='lat' dir='ltr'><strong>testatur,</strong></span> <span class='ocrx_word' id='word_1_99' title='bbox 1306 1563 1432 1606; x_wconf 90' lang='lat' dir='ltr'><strong>cum</strong></span> <span class='ocrx_word' id='word_1_100' title='bbox 1494 1547 1608 1605; x_wconf 90' lang='lat' dir='ltr'><strong>ait:</strong></span> <span class='ocrx_word' id='word_1_101' title='bbox 1682 1570 1713 1599; x_wconf 85' lang='lat'>«</span> <span class='ocrx_word' id='word_1_102' title='bbox 1740 1548 1825 1605; x_wconf 83' lang='lat' dir='ltr'><strong>Tu</strong></span> 
     </span>
     <span class='ocr_line' id='line_1_14' title="bbox 214 1643 1826 1718; baseline 0 -16"><span class='ocrx_word' id='word_1_103' title='bbox 214 1644 486 1702; x_wconf 77' lang='lat' dir='ltr'><strong>bellatrix</strong></span> <span class='ocrx_word' id='word_1_104' title='bbox 528 1646 774 1718; x_wconf 85' lang='lat' dir='ltr'><strong>egregia,</strong></span> <span class='ocrx_word' id='word_1_105' title='bbox 819 1646 1000 1704; x_wconf 90' lang='lat' dir='ltr'><strong>omnis</strong></span> <span class='ocrx_word' id='word_1_106' title='bbox 1056 1643 1191 1703; x_wconf 87' lang='lat' dir='ltr'><strong>ante</strong></span> <span class='ocrx_word' id='word_1_107' title='bbox 1255 1645 1451 1703; x_wconf 85' lang='lat' dir='ltr'><strong>faciem</strong></span> <span class='ocrx_word' id='word_1_108' title='bbox 1512 1645 1671 1703; x_wconf 88' lang='lat' dir='ltr'><strong>tuam</strong></span> <span class='ocrx_word' id='word_1_109' title='bbox 1728 1646 1826 1702; x_wconf 90' lang='lat' dir='ltr'><strong>mi-</strong></span> 
     </span>
     <span class='ocr_line' id='line_1_15' title="bbox 211 1742 1825 1817; baseline 0.001 -17"><span class='ocrx_word' id='word_1_110' title='bbox 211 1744 345 1801; x_wconf 87' lang='lat' dir='ltr'><strong>litia</strong></span> <span class='ocrx_word' id='word_1_111' title='bbox 389 1743 774 1816; x_wconf 87' lang='lat' dir='ltr'><strong>spiritualium</strong></span> <span class='ocrx_word' id='word_1_112' title='bbox 815 1743 1196 1817; x_wconf 87' lang='lat' dir='ltr'><strong>nequitiarum</strong></span> <span class='ocrx_word' id='word_1_113' title='bbox 1241 1745 1300 1802; x_wconf 91' lang='lat' dir='ltr'><strong>in</strong></span> <span class='ocrx_word' id='word_1_114' title='bbox 1341 1742 1536 1817; x_wconf 82' lang='lat' dir='ltr'><strong>fugam</strong></span> <span class='ocrx_word' id='word_1_115' title='bbox 1571 1745 1661 1802; x_wconf 88' lang='lat' dir='ltr'><strong>est</strong></span> <span class='ocrx_word' id='word_1_116' title='bbox 1701 1761 1825 1802; x_wconf 91' lang='lat' dir='ltr'><strong>con-</strong></span> 
     </span>
     <span class='ocr_line' id='line_1_16' title="bbox 211 1842 1825 1917; baseline 0 -16"><span class='ocrx_word' id='word_1_117' title='bbox 211 1858 383 1901; x_wconf 83' lang='lat' dir='ltr'><strong>versa</strong></span> <span class='ocrx_word' id='word_1_118' title='bbox 412 1865 467 1900; x_wconf 68' lang='lat'><strong>⁷».</strong></span> <span class='ocrx_word' id='word_1_119' title='bbox 513 1842 824 1916; x_wconf 84' lang='lat' dir='ltr'><strong>Fugiamus</strong></span> <span class='ocrx_word' id='word_1_120' title='bbox 867 1858 1020 1916; x_wconf 86' lang='lat' dir='ltr'><strong>ergo,</strong></span> <span class='ocrx_word' id='word_1_121' title='bbox 1061 1843 1292 1913; x_wconf 76' lang='lat' dir='ltr'><strong>fratreS‚</strong></span> <span class='ocrx_word' id='word_1_122' title='bbox 1336 1843 1394 1901; x_wconf 92' lang='lat' dir='ltr'><strong>et</strong></span> <span class='ocrx_word' id='word_1_123' title='bbox 1434 1842 1825 1917; x_wconf 86' lang='lat' dir='ltr'><strong>confugiamus</strong></span> 
     </span>
     <span class='ocr_line' id='line_1_17' title="bbox 213 1940 1824 2000; baseline 0.001 -1"><span class='ocrx_word' id='word_1_124' title='bbox 213 1940 289 1999; x_wconf 87' lang='lat' dir='ltr'><strong>ad</strong></span> <span class='ocrx_word' id='word_1_125' title='bbox 329 1941 601 1999; x_wconf 82' lang='lat' dir='ltr'><strong>auxilium</strong></span> <span class='ocrx_word' id='word_1_126' title='bbox 645 1940 847 1998; x_wconf 87' lang='lat' dir='ltr'><strong>matris</strong></span> <span class='ocrx_word' id='word_1_127' title='bbox 889 1941 1113 2000; x_wconf 91' lang='lat' dir='ltr'><strong>Domini</strong></span> <span class='ocrx_word' id='word_1_128' title='bbox 1155 1942 1213 1999; x_wconf 91' lang='lat' dir='ltr'><strong>in</strong></span> <span class='ocrx_word' id='word_1_129' title='bbox 1264 1940 1523 2000; x_wconf 88' lang='lat' dir='ltr'><strong>omnibus</strong></span> <span class='ocrx_word' id='word_1_130' title='bbox 1578 1941 1824 2000; x_wconf 81' lang='lat' dir='ltr'><strong>vexatio·</strong></span> 
     </span>
     <span class='ocr_line' id='line_1_18' title="bbox 211 2039 1822 2120; baseline 0 -23"><span class='ocrx_word' id='word_1_131' title='bbox 211 2039 383 2098; x_wconf 88' lang='lat' dir='ltr'><strong>nibus</strong></span> <span class='ocrx_word' id='word_1_132' title='bbox 423 2039 482 2097; x_wconf 86' lang='lat' dir='ltr'><strong>et</strong></span> <span class='ocrx_word' id='word_1_133' title='bbox 535 2039 1064 2112; x_wconf 87' lang='lat' dir='ltr'><strong>impugnationibus</strong></span> <span class='ocrx_word' id='word_1_134' title='bbox 1116 2039 1344 2099; x_wconf 89' lang='lat' dir='ltr'><strong>diaboli.</strong></span> <span class='ocrx_word' id='word_1_135' title='bbox 1384 2041 1524 2120; x_wconf 83' lang='lat' dir='ltr'><strong>Ipsa</strong></span> <span class='ocrx_word' id='word_1_136' title='bbox 1580 2056 1822 2113; x_wconf 91' lang='lat' dir='ltr'><strong>namque</strong></span> 
     </span>
     <span class='ocr_line' id='line_1_19' title="bbox 209 2139 1824 2211; baseline -0.001 -14"><span class='ocrx_word' id='word_1_137' title='bbox 209 2139 302 2197; x_wconf 79' lang='lat' dir='ltr'><strong>est</strong></span> <span class='ocrx_word' id='word_1_138' title='bbox 351 2139 593 2196; x_wconf 88' lang='lat' dir='ltr'><strong>inimicis</strong></span> <span class='ocrx_word' id='word_1_139' title='bbox 648 2139 966 2195; x_wconf 89' lang='lat' dir='ltr'><strong>animarum</strong></span> <span class='ocrx_word' id='word_1_140' title='bbox 1020 2140 1348 2197; x_wconf 87' lang='lat' dir='ltr'><strong>nostrarum</strong></span> <span class='ocrx_word' id='word_1_141' title='bbox 1404 2139 1705 2211; x_wconf 78' lang='lat' dir='ltr'><strong>terribilis,</strong></span> <span class='ocrx_word' id='word_1_142' title='bbox 1755 2142 1824 2196; x_wconf 80' lang='lat' dir='ltr'><strong>ut</strong></span> 
     </span>
     <span class='ocr_line' id='line_1_20' title="bbox 210 2235 1822 2312; baseline -0.001 -17"><span class='ocrx_word' id='word_1_143' title='bbox 210 2238 546 2295; x_wconf 80' lang='lat' dir='ltr'><strong>castrorwm</strong></span> <span class='ocrx_word' id='word_1_144' title='bbox 586 2235 738 2294; x_wconf 81' lang='lat' dir='ltr'><strong>acies</strong></span> <span class='ocrx_word' id='word_1_145' title='bbox 767 2235 1043 2294; x_wconf 70' lang='lat' dir='ltr'><strong>ordinata</strong></span> <span class='ocrx_word' id='word_1_146' title='bbox 1073 2236 1185 2312; x_wconf 89' lang='lat'><strong>(4).</strong></span> <span class='ocrx_word' id='word_1_147' title='bbox 1214 2237 1291 2293; x_wconf 86' lang='lat' dir='ltr'><strong>Et</strong></span> <span class='ocrx_word' id='word_1_148' title='bbox 1319 2238 1468 2309; x_wconf 86' lang='lat' dir='ltr'><strong>quia,</strong></span> <span class='ocrx_word' id='word_1_149' title='bbox 1510 2235 1652 2295; x_wconf 85' lang='lat' dir='ltr'><strong>heu!</strong></span> <span class='ocrx_word' id='word_1_150' title='bbox 1682 2236 1822 2294; x_wconf 90' lang='lat' dir='ltr'><strong>mul·</strong></span> 
     </span>
     <span class='ocr_line' id='line_1_21' title="bbox 208 2333 1820 2406; baseline 0.001 -15"><span class='ocrx_word' id='word_1_151' title='bbox 208 2333 393 2406; x_wconf 83' lang='lat' dir='ltr'><strong>tiplex</strong></span> <span class='ocrx_word' id='word_1_152' title='bbox 431 2334 522 2391; x_wconf 88' lang='lat' dir='ltr'><strong>est</strong></span> <span class='ocrx_word' id='word_1_153' title='bbox 561 2334 761 2392; x_wconf 88' lang='lat' dir='ltr'><strong>nostra</strong></span> <span class='ocrx_word' id='word_1_154' title='bbox 815 2334 1061 2402; x_wconf 86' lang='lat' dir='ltr'><strong>miseria,</strong></span> <span class='ocrx_word' id='word_1_155' title='bbox 1114 2350 1218 2406; x_wconf 83' lang='lat' dir='ltr'><strong>pro</strong></span> <span class='ocrx_word' id='word_1_156' title='bbox 1274 2351 1385 2406; x_wconf 88' lang='lat' dir='ltr'><strong>qua</strong></span> <span class='ocrx_word' id='word_1_157' title='bbox 1441 2334 1820 2393; x_wconf 86' lang='lat' dir='ltr'><strong>benedictione</strong></span> 
     </span>
     <span class='ocr_line' id='line_1_22' title="bbox 208 2431 1820 2506; baseline 0.001 -16"><span class='ocrx_word' id='word_1_158' title='bbox 208 2433 426 2490; x_wconf 89' lang='lat' dir='ltr'><strong>Mariae</strong></span> <span class='ocrx_word' id='word_1_159' title='bbox 467 2431 784 2506; x_wconf 88' lang='lat' dir='ltr'><strong>indigemus</strong></span> <span class='ocrx_word' id='word_1_160' title='bbox 829 2432 886 2490; x_wconf 88' lang='lat' dir='ltr'><strong>et</strong></span> <span class='ocrx_word' id='word_1_161' title='bbox 926 2433 1326 2502; x_wconf 87' lang='lat' dir='ltr'><strong>misericordia,</strong></span> <span class='ocrx_word' id='word_1_162' title='bbox 1369 2434 1489 2492; x_wconf 92' lang='lat' dir='ltr'><strong>ideo</strong></span> <span class='ocrx_word' id='word_1_163' title='bbox 1543 2432 1691 2491; x_wconf 88' lang='lat' dir='ltr'><strong>hanc</strong></span> <span class='ocrx_word' id='word_1_164' title='bbox 1732 2433 1820 2491; x_wconf 89' lang='lat' dir='ltr'><strong>be-</strong></span> 
     </span>
     <span class='ocr_line' id='line_1_23' title="bbox 207 2530 1818 2607; baseline -0.001 -17"><span class='ocrx_word' id='word_1_165' title='bbox 207 2530 585 2590; x_wconf 85' lang='lat' dir='ltr'><strong>nedictionem</strong></span> <span class='ocrx_word' id='word_1_166' title='bbox 629 2532 952 2589; x_wconf 88' lang='lat' dir='ltr'><strong>invocemus</strong></span> <span class='ocrx_word' id='word_1_167' title='bbox 1007 2547 1132 2589; x_wconf 92' lang='lat' dir='ltr'><strong>cum</strong></span> <span class='ocrx_word' id='word_1_168' title='bbox 1175 2530 1340 2589; x_wconf 86' lang='lat' dir='ltr'><strong>beato</strong></span> <span class='ocrx_word' id='word_1_169' title='bbox 1386 2530 1676 2591; x_wconf 87' lang='lat' dir='ltr'><strong>Bernardo</strong></span> <span class='ocrx_word' id='word_1_170' title='bbox 1708 2532 1818 2607; x_wconf 88' lang='lat'>(5),</span> 
     </span>
    </p>
   </div>
   <div class='ocr_carea' id='block_1_3' title="bbox 210 2684 532 2694">
    <p class='ocr_par' dir='ltr' id='par_1_3' title="bbox 210 2684 532 2694">
     <span class='ocr_line' id='line_1_24' title="bbox 210 2684 532 2694; baseline 0 787"><span class='ocrx_word' id='word_1_171' title='bbox 210 2684 532 2694; x_wconf 95' lang='lat' dir='ltr'><strong> </strong></span> 
     </span>
    </p>
   </div>
   <div class='ocr_carea' id='block_1_4' title="bbox 330 2778 1813 3000">
    <p class='ocr_par' dir='ltr' id='par_1_4' title="bbox 330 2778 1813 3000">
     <span class='ocr_line' id='line_1_25' title="bbox 338 2778 1813 2840; baseline 0.001 -15"><span class='ocrx_word' id='word_1_172' title='bbox 338 2780 385 2840; x_wconf 96' lang='lat'><strong>1)</strong></span> <span class='ocrx_word' id='word_1_173' title='bbox 420 2779 582 2827; x_wconf 90' lang='lat' dir='ltr'><strong>Iudith</strong></span> <span class='ocrx_word' id='word_1_174' title='bbox 620 2779 695 2838; x_wconf 83' lang='lat'><strong>13,</strong></span> <span class='ocrx_word' id='word_1_175' title='bbox 730 2778 809 2825; x_wconf 82' lang='lat'><strong>22.</strong></span> <span class='ocrx_word' id='word_1_176' title='bbox 1349 2779 1398 2837; x_wconf 80' lang='lat'><strong>2)</strong></span> <span class='ocrx_word' id='word_1_177' title='bbox 1435 2779 1643 2836; x_wconf 81' lang='lat' dir='ltr'><strong>Vulgata</strong></span> <span class='ocrx_word' id='word_1_178' title='bbox 1676 2780 1813 2839; x_wconf 78' lang='lat' dir='ltr'><strong>quia.</strong></span> 
     </span>
     <span class='ocr_line' id='line_1_26' title="bbox 330 2857 1734 2930; baseline 0 -22"><span class='ocrx_word' id='word_1_179' title='bbox 330 2861 383 2920; x_wconf 83' lang='lat'><strong>3)</strong></span> <span class='ocrx_word' id='word_1_180' title='bbox 419 2860 638 2919; x_wconf 64' lang='lat' dir='ltr'><strong>Egbert„</strong></span> <span class='ocrx_word' id='word_1_181' title='bbox 672 2861 762 2907; x_wconf 88' lang='lat' dir='ltr'><strong>loc.</strong></span> <span class='ocrx_word' id='word_1_182' title='bbox 797 2859 883 2907; x_wconf 87' lang='lat' dir='ltr'><strong>cit.</strong></span> <span class='ocrx_word' id='word_1_183' title='bbox 920 2873 968 2906; x_wconf 91' lang='lat' dir='ltr'><strong>n.</strong></span> <span class='ocrx_word' id='word_1_184' title='bbox 1004 2860 1051 2907; x_wconf 82' lang='lat'><strong>5.</strong></span> <span class='ocrx_word' id='word_1_185' title='bbox 1274 2924 1284 2930; x_wconf 90' lang='lat'><em>.</em></span> <span class='ocrx_word' id='word_1_186' title='bbox 1343 2857 1393 2919; x_wconf 85' lang='lat'><strong>4)</strong></span> <span class='ocrx_word' id='word_1_187' title='bbox 1429 2859 1568 2908; x_wconf 82' lang='lat' dir='ltr'><strong>Cant.</strong></span> <span class='ocrx_word' id='word_1_188' title='bbox 1603 2861 1651 2919; x_wconf 84' lang='lat'><strong>6,</strong></span> <span class='ocrx_word' id='word_1_189' title='bbox 1688 2860 1734 2908; x_wconf 83' lang='lat'><strong>3.</strong></span> 
     </span>
     <span class='ocr_line' id='line_1_27' title="bbox 331 2938 1439 3000; baseline 0 -13"><span class='ocrx_word' id='word_1_190' title='bbox 331 2942 383 3000; x_wconf 87' lang='grc'><strong>5)</strong></span> <span class='ocrx_word' id='word_1_191' title='bbox 418 2940 566 2988; x_wconf 89' lang='lat' dir='ltr'><strong>Serm.</strong></span> <span class='ocrx_word' id='word_1_192' title='bbox 601 2941 650 2987; x_wconf 86' lang='lat'><strong>4.</strong></span> <span class='ocrx_word' id='word_1_193' title='bbox 685 2938 737 2987; x_wconf 90' lang='lat' dir='ltr'><strong>in</strong></span> <span class='ocrx_word' id='word_1_194' title='bbox 770 2939 980 2988; x_wconf 83' lang='lat' dir='ltr'><strong>Assumt.</strong></span> <span class='ocrx_word' id='word_1_195' title='bbox 1016 2941 1072 2988; x_wconf 91' lang='lat' dir='ltr'><strong>B.</strong></span> <span class='ocrx_word' id='word_1_196' title='bbox 1110 2941 1176 2988; x_wconf 87' lang='lat' dir='ltr'><strong>M.</strong></span> <span class='ocrx_word' id='word_1_197' title='bbox 1214 2940 1271 2989; x_wconf 87' lang='lat' dir='ltr'><strong>V.</strong></span> <span class='ocrx_word' id='word_1_198' title='bbox 1307 2955 1356 2987; x_wconf 88' lang='lat' dir='ltr'><strong>n.</strong></span> <span class='ocrx_word' id='word_1_199' title='bbox 1392 2941 1439 2987; x_wconf 89' lang='grc'><strong>9.</strong></span> 
     </span>
    </p>
   </div>
  </div>
 </body>
</html>
