2237 3481
878 287 1079 329 Lucmo
1122 287 1224 331 vn.
1735 271 1849 332 101

229 480 334 536 tus
377 478 728 551 congregata
772 479 923 537 facta
966 481 1103 537 sunt
1145 481 1477 539 miraculose
1520 481 1637 540 oleo
1668 483 1853 554 plena,

231 578 551 635 secundum
593 577 741 650 quod
785 577 1010 635 Eliseus
1040 580 1087 636 ei
1120 579 1480 651 praedixerat
1520 581 1711 652 quarti
1754 580 1856 638 Re-

228 693 373 747 gum
447 676 654 747 quarto
685 674 799 748 (1),
864 676 1085 733 dicens:
1160 674 1307 734 Oum
1359 677 1548 749 plena
1613 675 1853 751 fuerint,

232 772 429 830 tolle-5.
490 773 720 830 Mulier
783 773 895 830 ista
960 775 1049 831 est
1108 775 1310 843 Maria,
1374 791 1516 848 quae
1584 775 1755 833 etiam
1819 792 1854 833 a

231 871 383 928 Filio
428 887 530 928 suo
587 872 791 929 mulier
851 871 1148 943 appellata
1209 873 1298 929 est
1360 873 1595 932 Ioannis
1644 873 1854 933 decimo

231 984 387 1027 nono
421 969 531 1042 (2),
589 968 684 1026 ubi
727 969 964 1026 dicitur:
1010 970 1257 1042 Mulier,
1300 986 1441 1044 ecce,
1482 970 1647 1042 filius
1700 974 1852 1030 tuuc.

232 1069 428 1126 Huius
471 1068 725 1125 mulieris
779 1084 926 1125 vasa
989 1067 1127 1125 sunt
1187 1067 1423 1127 affectus
1485 1069 1543 1127 et
1603 1069 1852 1141 effectuS,

231 1167 518 1225 desideria
559 1166 619 1223 et
659 1165 946 1234 beneficia,
990 1182 1133 1239 quae
1175 1168 1361 1225 omnia
1397 1167 1518 1225 oleo
1549 1168 1871 1227 misericor·⁴

228 1266 361 1324 diae
405 1265 576 1337 plena
617 1264 754 1321 sunt
794 1265 851 1321 in
896 1264 1096 1324 Maria.
1135 1264 1296 1322 Unde
1337 1265 1404 1322 de
1444 1264 1548 1324 hoc
1576 1267 1695 1325 oleo
1723 1267 1855 1325 bea-

231 1364 335 1421 tus
373 1362 703 1420 Bernardus
728 1361 818 1436 (3)
861 1361 974 1418 ait:
1015 1385 1044 1413 α
1066 1362 1187 1420 Nec
1216 1364 1441 1432 mirum,
1472 1379 1503 1421 o
1531 1363 1773 1434 domina,
1805 1365 1855 1422 si

230 1463 356 1519 tam
400 1462 624 1533 copioso
668 1461 788 1519 oleo
831 1460 1244 1517 misericordiae
1285 1460 1468 1518 cordis
1518 1461 1604 1518 tui
1661 1462 1853 1534 perfu-

231 1576 376 1638 sum*
428 1558 518 1615 est
578 1559 987 1624 sanctuarium,
1048 1574 1175 1615 cum
1238 1558 1380 1615 illud
1441 1558 1854 1617 inaestimabile

230 1673 380 1730 opus
412 1655 846 1724 misericordiae,
876 1655 1024 1728 quod
1054 1654 1503 1728 praedestinavit
1532 1657 1684 1716 Deus
1718 1656 1853 1716 ante

230 1756 465 1814 saecula
508 1756 565 1812 in
610 1754 1052 1826 redemptionem
1091 1755 1369 1828 nostram,
1400 1756 1645 1827 primum
1676 1756 1754 1814 sit
1793 1758 1852 1814 in

230 1855 292 1912 te
336 1871 371 1911 a
415 1853 610 1910 mundi
651 1851 871 1910 artifice
912 1851 1253 1909 fabricatum
1283 1874 1341 1908 ».
1386 1852 1651 1911 Dicamus
1699 1869 1852 1926 erge,

230 1952 536 2019 carissimi,
593 1951 847 2008 dicamus
879 1949 969 2024 (4)
1034 1950 1279 2007 Mariae:
1345 1950 1502 2008 Date
1561 1952 1725 2009 nobis
1786 1951 1854 2009 de

232 2050 362 2109 oleo
406 2052 620 2107 vestro.
662 2048 934 2106 Petamus
979 2050 1160 2107 oleum
1205 2049 1616 2107 misericordiae
1645 2052 1765 2108 eius
1793 2051 1851 2107 in

234 2149 469 2217 mundo,
513 2166 583 2206 ne
624 2147 845 2206 frustra
889 2147 1151 2220 petamus
1192 2149 1248 2205 in
1293 2148 1510 2208 iudicio.
1553 2148 1711 2218 Quod
1750 2165 1854 2207 au-

231 2250 352 2308 tem
395 2249 622 2319 domuc,
652 2248 709 2305 in
755 2263 867 2319 qua
897 2263 1035 2304 vasa
1064 2245 1451 2318 replebantur,
1481 2246 1687 2304 clausa
1712 2244 1851 2320 fuit,

230 2348 342 2405 hoc
391 2346 604 2418 optime
660 2345 875 2402 Mariae
930 2343 1319 2413 convenit,-de
1375 2345 1533 2402 cuius
1587 2345 1854 2403 clausura

230 2443 497 2503 Ezechiel
527 2443 617 2517 (5)
649 2443 775 2500 ait:
819 2443 1014 2500 Porta
1055 2442 1195 2499 hacc
1235 2441 1441 2499 clausa
1481 2442 1594 2499 erit
1638 2444 1692 2499 et
1731 2459 1853 2500 non

229 2543 553 2616 aperietur,
582 2544 637 2599 et
665 2542 756 2598 vir
782 2557 903 2598 non
933 2539 1215 2598 transibit
1242 2556 1354 2612 per
1389 2538 1540 2613 cam,
1572 2541 1854 2612 quoniam

367 2793 414 2851 1)
451 2791 588 2838 Vers.
623 2791 671 2839 4.
722 2772 727 2775 Δ
1510 2788 1559 2847 2)
1597 2789 1731 2836 Vers.
1766 2788 1849 2835 26.

363 2873 413 2932 3)
450 2871 671 2935 Egbert„
695 2870 855 2918 Sermo
887 2883 1059 2928 paneg.
1094 2868 1156 2914 ad
1187 2867 1244 2914 Β.
1280 2867 1346 2915 Μ.
1382 2867 1440 2914 V.
1467 2881 1515 2913 n.
1540 2868 1590 2915 2.

361 2952 414 3011 4)
451 2952 630 2999 Matth.
666 2952 747 3010 25,
783 2951 830 2997 8.
1448 2948 1498 3006 b)
1537 2947 1650 3008 Cap.
1686 2948 1766 3009 44,
1802 2950 1850 2997 2.
