2237 3481
832 262 1030 309 Laevo
1072 262 1234 308 xvm.
1717 242 1833 306 263

234 461 411 534 Virgo
475 461 673 529 Maria,
725 476 868 533 quae
929 460 996 517 de
1059 459 1216 517 terra
1275 475 1480 530 corpus
1541 457 1839 531 habuerat,

234 559 440 616 Filium
484 560 683 632 genuit
723 558 1023 616 divinitate
1051 559 1272 631 quidem
1305 558 1421 615 Deo
1449 557 1614 615 Patri
1641 573 1839 629 aequa·

233 658 365 725 lem,
411 658 506 715 sed
552 658 657 715 sibi
700 658 888 716 carnis
931 658 1174 715 veritate
1216 656 1756 715 consubstantialem
1780 678 1839 711 ιο.

397 757 603 824 Tertio,
647 757 941 825 carissimi,
964 756 1207 814 ‘fructus
1248 756 1462 814 Mariae
1516 754 1840 813 benedictus

235 856 588 913 necessarius
628 857 718 912 θεὴ
758 855 830 912 ad
872 856 1233 913 curationem
1250 855 1471 928 playae
1497 852 1841 927 oriyinalis;

234 954 401 1027 gravi
442 955 588 1011 enim
654 954 844 1026 plaga,
887 954 1056 1012 immo
1110 952 1384 1027 gravibus
1435 953 1623 1026 plagis
1676 951 1841 1009 homo

236 1051 499 1110 incidens
538 1053 602 1109 in
642 1051 898 1110 latrones
921 1049 1009 1127 (1)
1054 1051 1391 1110 vulneratus
1434 1051 1538 1120 θεὴ,
1567 1050 1699 1108 dum
1743 1066 1843 1123 per
1953 1130 1958 1133 v

236 1151 511 1223 originale
554 1151 843 1223 peccatum
896 1151 1015 1209 tam
1076 1166 1276 1209 caecus
1330 1150 1402 1208 ad
1452 1167 1666 1219 verum,
1723 1148 1841 1206 tam

234 1247 512 1319 infirmus
551 1249 621 1306 ad
651 1248 881 1318 bonum,
922 1250 1038 1307 tam
1060 1265 1290 1320 pronus
1315 1248 1386 1305 ad
1416 1249 1627 1306 malum
1657 1246 1843 1305 factus

235 1347 341 1403 θεὴ.
387 1346 494 1404 Sed
534 1345 638 1404 hae
683 1347 886 1420 plagae
929 1364 1028 1419 per
1056 1346 1207 1404 hunc
1247 1345 1493 1404 fructum
1532 1343 1843 1415 sanantur3

236 1445 296 1502 in
339 1443 445 1501 hac
485 1445 705 1517 quidem
750 1446 871 1502 viia
912 1446 969 1502 in
1015 1446 1178 1517 parte
1235 1445 1516 1502 sanantur
1558 1461 1657 1517 per
1711 1460 1846 1516 gra-

240 1542 401 1611 tiam,
445 1544 501 1600 in
532 1542 727 1600 futura
755 1560 888 1602 vero
917 1544 1038 1601 vita
1069 1543 1427 1601 sanabuntur
1457 1560 1556 1616 per
1582 1544 1844 1616 gloriam.

235 1641 397 1698 Unde
439 1640 577 1699 bene
617 1641 830 1715 legitur
886 1641 1262 1716 Apocalypsis
1324 1642 1593 1715 vigesimo
1650 1657 1847 1698 secun-

238 1740 309 1799 do
338 1740 448 1815 (2),
491 1742 637 1813 quod
683 1739 925 1815 anyelus
967 1740 1219 1799 ostendit
1259 1740 1461 1799 Ioanni
1507 1739 1732 1814 liquam
1769 1740 1847 1797 vi·

239 1841 350 1912 tae,
381 1855 496 1911 per
536 1855 754 1898 menses
795 1840 1059 1913 simulas
1085 1840 1329 1899 reddens
1355 1837 1616 1908 fractum
1652 1855 1844 1910 suum,

237 1939 293 1993 et
346 1933 499 2005 folia
556 1935 705 2010 liyni
762 1936 843 1995 ad
894 1938 1207 1996 sanitatem
1258 1938 1538 2012 yentiam.
1585 1937 1846 2010 Liynum

236 2036 393 2092 vitae
433 2035 521 2092 θεὴ
582 2035 764 2093 mater
807 2035 956 2093 vitae
1018 2036 1203 2094 Maria
1266 2037 1352 2093 vel
1416 2036 1633 2109 lignum
1697 2033 1846 2091 vitae

238 2133 329 2189 θεὴ
379 2132 598 2206 lignum
662 2135 843 2191 crucis
887 2134 976 2191 vel
1040 2135 1211 2191 etiam
1273 2135 1490 2208 lignum
1554 2134 1705 2192 vitae
1760 2132 1849 2190 θεὴ

237 2232 360 2302 ipse
400 2231 598 2291 aucssor
639 2232 790 2289 vitae
831 2232 995 2290 Iesus
1041 2231 1321 2301 chrisum,
1361 2234 1456 2305 qui
1500 2232 1589 2290 θεὴ
1629 2232 1849 2289 fructus

242 2328 426 2398 vitae;
469 2328 639 2386 huius
680 2327 830 2399 folia
877 2331 1150 2388 sanativa
1193 2330 1328 2388 sunt
1371 2330 1541 2388 verba
1583 2330 1641 2387 θὴ
1690 2330 1849 2387 docu-

240 2426 434 2484 menta
476 2427 847 2486 aedificativa.
893 2427 949 2485 Si
999 2429 1188 2485 autem
1233 2428 1495 2486 sanativa
1539 2428 1676 2487 sunt
1716 2427 1850 2486 folia

241 2526 379 2593 θίιιε,
425 2526 638 2598 quanto
680 2527 861 2599 magis
918 2524 1214 2583 sanafiivus
1271 2527 1358 2584 θεὴ
1413 2528 1533 2598 ipse
1588 2526 1850 2585 fructus?

240 2624 320 2680 Ut
360 2623 538 2696 igitur
596 2641 695 2696 per
736 2624 887 2682 hunc
928 2624 1176 2682 fructum
1207 2641 1490 2694 sanemur,
1519 2625 1848 2684 accedamus

238 2722 314 2780 ad
354 2721 613 2781 arborem
656 2725 794 2792 eiuS,
836 2723 1184 2791 accedamUS,
1226 2724 1476 2796 inquam,
1508 2724 1579 2781 ad
1607 2724 1848 2782 Mariam

370 2935 416 2994 1)
452 2936 564 2982 Luc.
605 2936 679 2994 10,
716 2936 792 2983 30.
1535 2938 1585 2995 2)
1620 2937 1756 2984 Vers.
1791 2938 1840 2985 2.
