2237 3481
389 242 468 308 60
899 259 1189 308 spasmum
1230 260 1282 306 B.
1323 260 1385 306 M.
1428 260 1483 308 v.

385 457 566 517 Maria
594 452 818 532 gestum
861 459 966 527 est,
1010 457 1193 517 totum
1239 455 1462 529 puritas
1523 456 1581 516 et
1630 458 1986 531 simplicitas,

385 556 568 615 totum
608 557 800 630 gratia
841 558 900 614 et
940 557 1155 615 veritas
1198 556 1324 625 fuit,
1368 557 1551 615 totum
1605 558 1988 616 misericordia

383 657 439 713 et
478 656 729 728 iustitia,
772 673 914 728 quae
969 655 1038 713 de
1087 655 1245 713 caelo
1296 656 1601 728 prospexit
1630 654 1717 730 (1)
1748 679 1805 712 ».
1860 656 1990 724 Qui-

383 771 617 827 cumque
660 770 793 827 ergo
834 771 959 811 cum
1002 754 1186 812 Maria
1225 771 1417 812 veram
1445 753 1689 827 gratiam
1734 755 1989 813 invenire

382 851 721 921 desiderant,
764 853 872 924 ipsi
916 869 1041 910 cum
1084 852 1267 910 Maria
1308 854 1460 910 omni
1499 852 1789 920 desiderio,
1834 854 1989 911 omni

383 949 570 1008 studio
610 950 680 1007 ad
724 967 867 1018 eum,
911 950 1062 1023 apud
1118 967 1283 1023 quem
1325 951 1630 1018 invenitur,
1682 951 1987 1022 accedant3

386 1049 533 1106 sicut
572 1048 841 1107 hortatur
868 1049 1180 1121 Apostolus
1207 1049 1277 1106 ad
1307 1049 1594 1107 Hebraeos
1637 1049 1841 1122 quarto
1874 1049 1987 1124 (2),

382 1148 602 1205 diceus:
646 1146 946 1205 Adeamus
986 1163 1117 1204 cum
1156 1147 1375 1217 fiducia
1416 1148 1497 1206 ad
1537 1147 1815 1204 thronum
1850 1164 1989 1220 yra-

385 1247 517 1318 tiae,
560 1249 629 1303 ut
667 1247 1127 1306 misericordiam
1167 1262 1592 1318 consequamur
1633 1248 1688 1303 et
1722 1246 1988 1319 qratiam

381 1345 747 1403 inveniamus
786 1346 851 1402 in
892 1345 1114 1402 auxilio
1159 1343 1613 1416 opportun0.'Et
1652 1344 1808 1413 nota,
1838 1344 1988 1416 quod

382 1444 713 1516 quicumque
742 1443 869 1501 vult
908 1445 1177 1512 invenire,
1208 1443 1371 1501 debet
1408 1460 1695 1516 quaerere,
1739 1444 1987 1516 quicum-

382 1535 488 1614 que
515 1541 643 1599 vult
671 1559 954 1615 quaerere,
978 1541 1143 1599 debet
1172 1558 1230 1598 se
1258 1541 1549 1599 inclinare.
1576 1541 1822 1599 Inclinet
1851 1558 1987 1614 ergo

383 1657 441 1698 se
483 1656 607 1698 oum
649 1641 832 1698 Maria
873 1657 972 1712 per
999 1639 1380 1697 humilitatem
1419 1656 1611 1697 veram
1652 1640 1987 1713 quicumque

381 1757 507 1798 cum
548 1739 731 1797 Maria
771 1740 1022 1798 invenire
1064 1738 1222 1811 cupit
1247 1739 1493 1812 gratiam
1524 1756 1748 1807 veram3
1777 1737 1986 1796 dicitur

384 1840 530 1896 enim
573 1838 951 1897 Ecclesiastioi
994 1838 1163 1896 tertio
1195 1838 1316 1913 (3):
1368 1837 1600 1913 Quanto
1628 1853 1880 1911 maynus
1907 1854 1985 1906 es,

385 1937 637 1995 humilia
680 1939 730 1994 te
769 1938 835 1994 in
883 1936 1147 1994 omnibus
1202 1938 1257 1993 et
1311 1953 1510 1993 coram
1548 1937 1676 1993 Deo
1731 1935 1988 1993 invenies

377 2036 661 2109 qratiam.
690 2035 871 2092 Maria
912 2034 1079 2103 certe,
1108 2036 1242 2107 quia
1269 2036 1559 2092 verissime
1588 2051 1645 2092 se
1677 2045 1775 2106 per
1803 2032 1987 2091 humi-

380 2134 601 2192 litatem
645 2134 958 2205 inolinavit,
991 2134 1341 2190 verissimam
1375 2132 1619 2205 gratiam
1651 2131 1887 2200 invenit,
1918 2131 1987 2189 ut

381 2250 510 2290 vere
551 2232 732 2290 dicere
775 2232 955 2304 possit
979 2231 1101 2306 (4):
1148 2231 1426 2302 Respexit
1452 2230 1844 2289 humilitate-m
1884 2247 1989 2287 an-

383 2331 555 2414 cillae
594 2347 752 2389 suae.

539 2430 789 2488 Secundo
831 2429 1261 2498 consideremuS‚
1296 2429 1589 2492 carissimi,
1619 2427 1841 2501 gratiae
1869 2428 1987 2486 Ma-

381 2530 498 2587 riae
539 2530 1017 2599 immensitatem;
1045 2528 1281 2600 propter
1308 2527 1455 2585 hano
1481 2527 1631 2585 dicta
1668 2526 1757 2584 est
1777 2528 1988 2600 'qratia

372 2626 573 2700 plena.
615 2627 901 2686 Immensa
943 2626 1052 2684 fuit
1091 2627 1241 2684 certe
1282 2626 1489 2698 gratia,
1533 2641 1644 2699 qua
1707 2626 1833 2697 ipsa
1875 2624 1988 2683 fuit

597 2773 703 2780 —

511 2858 555 2917 1)
591 2858 765 2905 Psalm.
801 2857 879 2917 84,
919 2858 993 2905 12.
1641 2856 1691 2915 2)
1728 2856 1864 2902 Vers.
1906 2857 1982 2904 16.

510 2939 558 2999 3)
596 2940 729 2986 Vere.
765 2938 843 2988 20.
1315 3007 1318 3014 k
1582 2936 1634 2998 4)
1670 2938 1781 2985 Luc.
1823 2937 1868 3000 1,
1901 2937 1983 2986 48.

404 3139 445 3150 >A

424 3157 439 3172 η.

488 3207 545 3222 “-ι

572 3301 577 3308 .

570 3329 575 3338 ι
