2237 3481
851 277 1051 319 memo
1091 277 1194 319 vn.
1742 260 1819 317 95

206 489 430 531 novum
455 487 633 543 super
656 472 873 528 terram
888 490 907 529 .-
937 469 1170 528 Mulier
1196 470 1584 528 circumdabit
1608 470 1820 528 virum.

207 571 443 629 Mulier
469 570 671 636 Maria,
702 569 904 627 mulier
938 568 1134 641 utique
1162 585 1273 627 non
1316 567 1698 641 corruptione,
1725 569 1822 626 sed

209 685 370 737 sexu,
416 668 613 725 virum
653 666 902 737 virtutis,
935 660 1235 725 Dominum
1280 667 1558 735 nostrum,
1587 668 1827 725 circum·

208 766 369 825 dedit
396 765 560 824 utero
590 781 710 835 suo,
734 765 1098 823 circumdedit
1120 764 1319 822 habitu
1350 764 1564 823 nostro.
1588 765 1696 823 Hic
1717 766 1825 834 vir,

219 887 250 917 α
279 866 331 922 si
375 864 589 932 tamen,
631 863 699 921 ut
739 863 823 921 ait
863 862 1143 935 Iosephus
1174 861 1282 937 (1),
1323 864 1506 921 virum
1549 880 1676 921 eum
1732 879 1828 936 ap·

208 963 419 1035 pellari
461 960 549 1018 fas
590 960 764 1030 est»,
808 960 926 1019 tres
955 961 1150 1020 domos
1184 960 1375 1019 habet.
1417 960 1828 1033 Imperatoriae

208 1062 364 1119 enim
403 1059 720 1118 maiestatis
749 1060 837 1117 est
865 1061 922 1117 in
954 1058 1170 1131 palatio
1198 1058 1405 1117 habere
1442 1059 1561 1140 tres
1589 1061 1828 1120 mansio·

209 1176 335 1227 nes,
359 1157 620 1216 videlicet
647 1158 1063 1227 consistorium,
1088 1158 1467 1227 coenaculum,
1492 1158 1828 1217 cubiculum.

212 1256 630 1316 consistorium
675 1256 764 1314 est
791 1257 992 1315 domus
1020 1274 1339 1325 causarum,
1369 1257 1729 1315 coenaculum
1761 1258 1831 1315 ci·

211 1356 438 1423 borum,
496 1355 813 1413 cubiculum
857 1354 1082 1428 quietis.
1127 1355 1214 1413 Sic
1254 1355 1575 1428 Imperator
1616 1355 1830 1425 noster,

213 1456 315 1528 qui
361 1455 622 1525 imperat
682 1454 867 1530 veut-is
926 1456 982 1512 et
1038 1454 1195 1511 mari
1225 1454 1335 1527 (2),
1378 1452 1552 1511 habet
1605 1454 1830 1513 domum

214 1569 539 1611 causarum
579 1551 870 1638 mundum,
900 1551 1073 1609 habet
1106 1552 1332 1610 domum
1362 1552 1627 1610 ciborum
1666 1553 1829 1611 modo

214 1651 552 1718 Ecclesiam,
593 1651 725 1709 olim
770 1666 1140 1723 synagogam,
1183 1650 1356 1708 habet
1396 1651 1620 1709 domum
1682 1651 1834 1722 quie·

218 1753 298 1810 tis
341 1750 677 1808 rationalem
737 1752 1005 1808 animam.
1047 1750 1152 1808 Sed
1200 1750 1341 1808 heu!
1400 1742 1488 1808 vir
1544 1751 1670 1820 iste,
1727 1751 1836 1809 Do-

217 1851 413 1907 minus
476 1848 776 1917 virtutum,
820 1867 855 1905 a
895 1849 1058 1907 domo
1114 1849 1328 1916 mundi,
1372 1866 1406 1906 a
1447 1849 1609 1907 domo
1665 1866 1835 1922 syna-

215 1964 422 2022 gogae,
465 1964 500 2004 a
541 1947 703 2005 domo
745 1948 964 2004 animae
1007 1947 1174 2004 valde
1215 1947 1325 2004 fuit
1353 1946 1670 2020 elongatu8‚
1700 1949 1832 2020 quia

220 2046 394 2120 lonye
437 2062 473 2102 α
506 2028 913 2116 peecatoribus
952 2045 1118 2104 salus
1151 2045 1261 2119 (3).
1317 2045 1422 2104 Vir
1461 2062 1595 2118 ergo
1635 2045 1744 2102 iste
1772 2046 1837 2102 iri

216 2145 395 2202 domo
435 2158 548 2200 sua
608 2158 728 2200 uon
790 2140 928 2215 fuit,
971 2142 1196 2215 quando
1254 2159 1353 2215 per
1415 2143 1710 2200 Ieremiam
1745 2143 1834 2217 (4)

217 2240 614 2319 conquerendo
655 2240 826 2298 dixit:
866 2241 1108 2312 Reliqui
1138 2240 1373 2298 domum
1398 2257 1607 2314 meam,
1637 2240 1839 2300 dimisi

218 2338 604 2397 hereditatem
665 2355 871 2396 meam.
946 2336 1260 2396 Saeculum
1324 2338 1495 2396 etiam
1561 2340 1841 2409 pecuniae

214 2454 417 2498 secum
481 2438 638 2510 tulii,
694 2439 827 2510 quia
896 2437 1231 2496 thesaurum
1300 2438 1713 2496 misericordiae
1782 2437 1841 2495 et

216 2536 450 2610 gratiae
492 2553 527 2594 a
568 2536 777 2595 mundo
819 2535 1134 2594 abscondit.
1177 2536 1282 2594 Sed
1324 2552 1462 2606 ecce,
1508 2537 1595 2593 vir
1637 2535 1745 2594 iste
1773 2537 1840 2594 iu

221 2692 332 2700 ..-

357 2785 404 2845 1)
440 2785 614 2832 XVIII.
648 2784 815 2843 Antiq.
850 2783 1029 2831 Iudaic.
1065 2797 1106 2831 c.
1144 2784 1190 2831 3.
1229 2784 1319 2844 (4.)
1356 2797 1405 2830 n.
1444 2784 1490 2830 3.

352 2867 405 2926 2)
441 2865 621 2913 Matth.
657 2860 705 2924 83
741 2866 820 2912 26.

355 2948 405 3007 3)
442 2946 618 2993 Psalm.
659 2946 765 3005 118,
805 2946 911 2993 155.
1462 2945 1511 3004 4)
1546 2945 1639 2992 Ier.
1680 2946 1755 3004 12,
1794 2947 1839 2993 7.
