2237 3481
408 221 523 280 258
915 240 1206 282 srucumm
1245 242 1297 281 B.
1340 242 1403 282 M.
1448 242 1503 283 v.

407 428 556 489 sicut
597 429 736 488 bene
768 431 970 489 beatus
1012 430 1339 489 Bernardus
1372 429 1463 506 (1)
1505 431 1799 490 declarans
1840 432 2013 491 dicit:

416 551 446 580 α
473 529 618 588 Vere
658 528 984 587 benedictus
1024 529 1246 588 fructus
1288 530 1507 588 ventris
1550 530 1651 600 tui,
1682 532 1740 587 in
1783 547 1894 603 quo
1924 531 2020 589 be·

407 627 661 686 nedictae
705 627 840 685 sunt
882 644 1072 686 omnes
1113 627 1332 700 gentes,
1376 628 1442 686 de
1470 630 1629 686 cuius
1658 629 2018 701 plenitudine

408 726 473 784 tu
513 743 731 800 quoque
772 727 1036 799 accepisti
1077 743 1203 785 cum
1245 727 1465 795 ceteris,
1508 727 1617 785 etsi
1656 727 2019 786 differentius

408 842 443 882 a
470 824 672 883 ceteris
693 848 749 882 ».
779 825 896 884 Vae
924 826 1251 894 luxuriosiS,
1279 827 1375 898 qui
1403 826 1624 883 nullam
1653 826 1876 898 partem
1906 826 2019 884 ha-

408 923 546 981 bent
586 923 645 980 in
686 922 876 981 fructu
917 923 1200 996 Virginis!
1230 923 1348 982 Vae
1379 925 1617 993 miseriS,
1646 925 1742 996 qui
1784 925 2016 982 nullum

408 1021 622 1080 habent
663 1038 902 1090 ramum,
944 1023 1039 1094 qui
1090 1021 1274 1094 possit
1323 1021 1470 1080 ferre
1527 1022 1774 1080 fructum
1840 1024 2018 1096 virgi·

408 1123 607 1178 neum!
651 1118 833 1178 Unde'
854 1121 920 1177 de
961 1120 1222 1178 adultera
1264 1120 1470 1179 dicitur
1512 1121 1893 1179 Ecclesiastici
1936 1123 2019 1180 vi·

408 1220 620 1293 gesimo
676 1204 846 1278 tertio
869 1219 990 1294 (2):
1036 1219 1219 1278 Rama·
1273 1221 1398 1278 eius
1458 1237 1577 1277 non
1621 1220 1847 1279 dabunt
1887 1218 2018 1288 fru-

409 1320 582 1376 ctum.
626 1317 816 1390 Igitur
858 1300 1076 1375 fructus
1107 1318 1214 1375 iste
1243 1317 1568 1376 benedictus
1611 1318 1698 1376 est
1726 1318 2021 1377 continen-

409 1416 551 1474 tium
592 1416 791 1473 contra
831 1417 1133 1484 luxuriam,
1165 1417 1223 1473 et
1250 1417 1372 1474 ideo
1399 1416 1582 1474 Maria
1613 1434 1785 1489 super
1813 1434 2014 1475 omnes

409 1514 662 1574 homines
702 1514 807 1572 hoc
848 1514 1038 1572 fructu
1100 1514 1435 1588 dignissima
1477 1514 1605 1584 fuit,
1648 1517 1780 1587 quia
1838 1532 2018 1588 super

409 1629 602 1672 omnes
640 1613 894 1672 homines
935 1612 1045 1670 fuit
1085 1614 1423 1682 castissima,
1467 1613 1615 1672 sicut
1656 1614 1795 1671 bene
1838 1614 2015 1672 testa-

409 1713 507 1772 tur
545 1714 790 1772 Ioannes
834 1712 1271 1788 chrysostomus
1294 1713 1404 1789 (3),
1445 1712 1665 1772 dicens:
1720 1736 1747 1766 α
1776 1713 1823 1773 O
1866 1716 2017 1773 inae·

411 1812 713 1872 stimabilis
772 1813 900 1870 laus
955 1813 1200 1871 Mariae!
1256 1813 1442 1886 Magis
1496 1812 1760 1872 credebat
1802 1814 2016 1887 Ioseph

409 1910 665 1970 castitati
705 1912 824 1968 eius
886 1928 1054 1983 quam
1110 1912 1271 1969 utero
1333 1912 1453 1969 eius
1496 1912 1554 1970 et
1595 1912 1727 1984 plus
1790 1913 2019 1985 gratiae

411 2026 579 2083 quam
621 2008 893 2079 naturae;
936 2009 1261 2081 possibilius
1312 2026 1433 2067 esse
1488 2009 1768 2079 credebat,
1813 2011 2019 2068 mulie-

412 2124 530 2165 rem
594 2099 713 2164 sine
776 2108 896 2166 viro
960 2108 1249 2179 concipere
1311 2124 1479 2180 quam
1544 2107 1780 2165 Mariam
1849 2126 2020 2181 posse

411 2222 640 2278 peccare
667 2228 726 2261 ».
767 2204 814 2263 Ο
856 2206 1034 2278 igitur
1075 2206 1258 2264 Maria
1300 2205 1652 2264 felicissima!
1698 2223 1843 2279 quae
1886 2224 2020 2265 vere

414 2305 686 2377 tanquam
745 2303 1160 2362 virtuosissima
1216 2303 1406 2362 fructu
1468 2305 1657 2363 divino
1722 2304 1884 2362 fuisti
1942 2306 2023 2362 di-

411 2403 705 2476 gnissima,
748 2403 953 2460 adiuva
995 2419 1116 2471 neS,
1160 2403 1227 2459 ut
1270 2403 1581 2460 virtutibus
1622 2403 1693 2460 ad
1723 2403 1874 2461 hunc
1904 2404 2022 2462 fru-

413 2501 567 2559 ctum
610 2501 931 2574 pertingere
972 2502 1279 2570 valeamuS‚
1313 2501 1612 2561 Dominum
1642 2502 1905 2560 nostrum
1936 2503 2023 2560 Ie·

415 2617 539 2658 sum
584 2599 890 2669 Christum,
936 2601 1141 2659 Filium
1187 2602 1368 2658 tuum.

546 2831 592 2890 1)
627 2830 800 2877 Homil.
829 2832 874 2877 3.
911 2845 1050 2890 super
1074 2831 1259 2877 Missus
1291 2836 1363 2877 est
1396 2846 1445 2877 n.
1471 2832 1518 2877 5.
1679 2831 1728 2889 2)
1765 2831 1901 2877 Vers.
1943 2833 2025 2879 35.

542 2911 590 2970 3)
625 2911 733 2958 Loc.
769 2925 876 2970 pag.
914 2911 993 2971 54,
1030 2913 1145 2959 nota
1176 2912 1224 2958 4.
1261 2911 1367 2970 cit.‘‚
1403 2913 1493 2959 col.
1529 2911 1639 2959 633.
