2237 3481
891 294 1089 338 Luc'mo
1132 294 1208 338 x1.
1734 278 1848 339 155

250 488 594 563 peccatores
636 488 880 562 Propter
920 488 1026 548 hoo
1052 489 1192 548 bene
1220 488 1543 547 mediatrice
1570 488 1721 547 inter
1748 505 1852 548 nos

247 587 307 646 et
347 589 524 648 solem
565 586 778 646 iustum
841 587 1191 661 indigemus3
1247 587 1306 646 et
1344 587 1467 646 ideo
1509 587 1646 646 bene
1687 586 1852 645 Psal-

249 687 425 745 mista
465 688 524 745 in
588 686 875 759 praedicto
936 703 1106 745 versu
1131 683 1220 761 (1)
1263 703 1528 746 auroram
1568 686 1719 744 inter
1760 702 1854 745 no-

245 785 397 844 ctem
438 785 497 844 et
537 784 711 844 solem
756 785 945 858 posuit
1000 786 1263 859 mediam,
1304 802 1448 859 quae
1488 785 1638 844 certe
1680 785 1852 843 etiam

247 884 445 944 ordine
507 883 762 941 naturali
823 882 1004 942 media
1058 882 1166 942 est.
1229 883 1454 943 Aurora
1514 884 1704 957 itaque
1764 884 1854 942 est

246 982 582 1041 beatissima
641 981 841 1055 Virgo'
880 982 1080 1051 Maria,
1126 999 1269 1055 quae
1329 982 1481 1040 inter
1534 981 1752 1041 noctem
1796 982 1855 1041 et

246 1082 447 1155 solem,
489 1080 642 1139 inter
679 1081 960 1140 hominem
1003 1081 1061 1139 et
1101 1081 1300 1150 Deum,
1363 1081 1513 1139 iuter
1572 1080 1852 1140 hominem

245 1180 526 1239 iniustum
598 1180 658 1237 et
725 1180 901 1238 Deum
973 1179 1185 1237 iustum
1254 1179 1469 1252 optima
1537 1180 1853 1250 mediatrix,

245 1279 469 1352 optima
524 1279 641 1336 irae
681 1278 785 1336 Dei
827 1277 1216 1351 refrigeratrix
1257 1277 1362 1336 est.
1414 1278 1684 1337 Testatur
1732 1280 1855 1338 bea·

247 1379 348 1436 tus
388 1377 716 1436 Bernardus
739 1377 850 1452 (2),
890 1377 1111 1435 dicens:
1166 1399 1196 1428 «
1222 1377 1483 1435 Securum
1526 1379 1641 1436 iam
1682 1377 1856 1437 habet

245 1476 416 1534 homo
457 1491 741 1534 accessum
784 1476 856 1534 ad
897 1476 1096 1544 Deum,
1128 1476 1224 1533 ubi
1253 1475 1614 1535 mediatorem
1653 1493 1853 1535 causae

248 1591 388 1633 suae
427 1575 637 1633 Filium
678 1574 851 1633 habet
890 1575 1024 1633 ante
1065 1574 1298 1633 Patrem
1354 1574 1412 1633 et
1464 1574 1598 1633 ante
1646 1575 1852 1633 Filium

247 1671 528 1744 matrem3
570 1672 770 1743 Filius,
832 1672 1046 1731 nudato
1087 1688 1337 1745 corpore,
1393 1671 1556 1730 Patri
1606 1672 1855 1732 ostendit

247 1771 408 1830 latus
462 1771 522 1830 et
581 1772 850 1843 vulnera3
892 1772 1263 1830 MariassFilio
1323 1771 1520 1844 pectus
1562 1771 1620 1829 et
1660 1772 1853 1829 ubera.

247 1871 382 1929 Non
425 1870 616 1943 potest
657 1870 774 1929 ullo
818 1871 978 1930 modo
1020 1871 1143 1928 fieri
1197 1869 1444 1944 repulsa,
1487 1870 1583 1928 ubi
1624 1887 1851 1929 concur·

249 1969 392 2028 runt
431 1969 490 2028 et
530 1969 802 2043 perorant
841 1970 991 2028 omni
1018 1970 1217 2043 lingua
1258 1969 1525 2027 disertius
1572 1969 1710 2028 haec
1750 1971 1855 2028 ole-

248 2068 496 2126 mentiae
537 2067 901 2126 monumenta
942 2067 1000 2126 et
1040 2067 1300 2126 caritatis
1329 2068 1577 2141 insignia
1602 2068 1770 2144 (3)».

412 2166 663 2225 Secundo
725 2166 1021 2234 attendite,
1085 2166 1381 2235 carissimi,
1445 2167 1591 2239 quod
1646 2183 1853 2225 aurora

249 2265 453 2324 nostra
492 2264 677 2322 Maria
718 2264 880 2323 nobis
921 2263 1010 2322 est
1051 2265 1134 2322 ad
1170 2264 1410 2338 anyelos
1450 2263 1850 2338 pacificat-rix,

250 2363 402 2422 sicut
443 2362 734 2437 signatum
762 2362 851 2421 est
879 2362 1111 2421 Genesis
1142 2362 1432 2437 trigesimo
1475 2364 1716 2422 secundo
1739 2362 1849 2439 (4),

380 2649 426 2710 1)
463 2649 649 2696 Psalm.·
673 2649 751 2707 73,
791 2649 865 2696 16.

374 2730 427 2789 2)
464 2728 628 2776 Potius
660 2730 881 2786 Arnald.‚
916 2728 972 2776 de
1006 2728 1205 2776 Laudib.
1241 2729 1297 2776 B.
1323 2730 1388 2777 M.
1413 2729 1470 2777 V.
1497 2729 1693 2789 (migne,
1719 2730 1851 2777 Patr.

249 2812 361 2859 Lat.
398 2812 439 2857 t.
479 2810 585 2857 189.
622 2811 711 2857 col.
750 2810 910 2870 1726).

378 2891 426 2951 3)
462 2891 618 2938 Verba
640 2892 775 2937 omni
799 2892 971 2951 linqua
987 2891 1080 2938 etc.
1099 2891 1362 2939 addidimus
1385 2892 1630 2940 secundum
1654 2892 1852 2940 codices·

375 2972 427 3034 4)
464 2972 600 3019 Vers.
637 2972 716 3019 26.
