2237 3481
886 298 1085 341 an'rm
1126 299 1181 338 x.
1716 281 1831 341 133

230 488 323 559 qni
366 486 482 544 ait:
536 508 565 537 «
593 486 676 543 Tu
718 486 836 544 filia
876 486 1117 544 delicata
1146 487 1203 545 et
1230 488 1378 545 omni
1420 487 1611 560 gratia
1645 488 1831 560 plena,

226 586 523 643 carissima
576 586 635 642 in
683 585 895 643 deliciis
947 586 1079 654 tuis,
1123 586 1296 644 uncta
1352 603 1411 643 es
1465 585 1535 642 ad
1590 586 1828 659 gloriam

227 684 441 741 decoris
486 684 570 762 tui
611 684 669 741 et
709 684 766 741 in
812 684 1035 756 signum
1078 683 1392 741 dilectionis
1420 706 1474 741 ».
1520 683 1645 741 Ista
1674 684 1832 741 bene·
1909 711 1912 714 ·

227 783 378 839 dicta
423 781 544 838 filia
576 782 842 853 priorem
880 783 1345 840 misericordiam
1373 782 1700 854 posteriore
1739 799 1833 839 su-

221 881 471 951 peravit.
514 880 725 953 Magna
768 882 914 938 enim
969 896 1105 953 erga
1163 880 1396 938 miseros
1450 879 1560 937 fuit
1616 881 1831 937 miseri-

224 978 414 1036 cordia
471 978 684 1036 Mariae
738 978 922 1035 adhuc
977 978 1291 1035 exsulantis
1343 979 1402 1035 in
1464 978 1688 1046 mundo,
1734 978 1830 1036 sed

224 1077 631 1135 multer-&maior
672 1093 809 1150 erga
850 1077 1082 1133 miseros
1140 1075 1227 1133 est
1283 1076 1661 1134 misericordia
1713 1078 1832 1134 eius

224 1178 339 1233 iam
384 1176 680 1248 regnantis
723 1176 781 1232 in
824 1175 1007 1243 cae103
1051 1176 1317 1232 maiorem
1347 1192 1586 1247 namque
1617 1192 1715 1247 per
1744 1175 1830 1233 be-

222 1273 424 1331 neficia
470 1273 902 1330 innumerabilia
929 1289 1079 1330 nunc
1108 1273 1357 1330 ostendit
1387 1272 1706 1331 hominibus
1734 1274 1831 1331 mi·
1921 1266 1933 1276 ⁸

223 1370 607 1439 sericordiam,
651 1372 783 1443 quia
825 1372 1008 1443 magis
1049 1387 1200 1427 nunc
1228 1370 1381 1427 videt
1421 1369 1708 1428 hominum
1748 1372 1829 1428 in·

220 1469 630 1527 numerabilem
676 1470 990 1538 miseriam3
1033 1468 1181 1526 unde
1209 1485 1311 1541 pro
1340 1469 1635 1540 splendore
1655 1470 1831 1545 prio-

220 1570 302 1625 ris
333 1567 746 1625 misericordiae
788 1566 899 1624 fuit
939 1567 1122 1625 Maria
1151 1566 1411 1639 pulchra
1435 1569 1503 1623 ut
1532 1567 1694 1640 luna,
1727 1583 1829 1639 pro

220 1665 522 1739 splendore
552 1681 683 1723 vero
714 1665 1042 1737 posterioris
1083 1664 1492 1722 misericordiae
1528 1664 1617 1721 est
1650 1666 1829 1722 electa

217 1768 289 1822 ut
314 1764 408 1823 sol
432 1762 542 1839 (1).
585 1764 734 1821 Nam
764 1763 1227 1836 quemadmodum
1259 1763 1344 1821 sol
1370 1763 1563 1821 lunam
1595 1764 1830 1837 superat

220 1863 617 1936 magnitudine
660 1863 994 1934 splendoriS,
1040 1864 1118 1920 sic
1165 1864 1404 1934 priorem
1460 1863 1673 1921 Mariae
1725 1865 1829 1920 mi-

219 1961 584 2019 sericordiam
629 1961 864 2033 superat
905 1961 1237 2034 magnitudo
1289 1960 1637 2033 posterioris.
1692 1961 1828 2030 Quis

217 2061 328 2130 est,
374 2077 546 2133 super
588 2077 751 2133 quem
796 2059 879 2118 sol
920 2076 1031 2117 non
1074 2060 1310 2117 luceat?
1351 2058 1488 2128 Quis
1523 2059 1629 2128 est,
1658 2076 1827 2131 super

216 2176 388 2232 quem
432 2158 814 2216 misericordia
854 2157 1067 2215 Mariae
1109 2174 1220 2215 non
1273 2157 1617 2231 splendeat?
1657 2157 1823 2226 Audi,

215 2257 357 2331 quid
399 2257 467 2314 de
506 2257 612 2315 hoc
654 2256 854 2314 beatus
911 2256 1236 2313 Bernardus
1267 2256 1355 2330 (2)
1400 2256 1512 2313 ait:
1565 2278 1595 2306 «
1624 2254 1826 2324 Quem-

217 2355 528 2414 admodum
571 2355 656 2413 sol
699 2354 882 2412 oritur
922 2371 1091 2426 super
1134 2354 1307 2412 bonos
1348 2354 1405 2411 et
1445 2354 1624 2412 malos
1664 2353 1827 2411 indif-

213 2454 488 2523 ferenter,
532 2453 613 2511 sic
653 2452 837 2510 Maria
866 2451 1177 2525 praeterita
1203 2467 1313 2509 non
1345 2451 1576 2509 discutit
1604 2451 1824 2521 merita,

213 2553 318 2611 sed
362 2552 624 2612 omnibus
667 2569 789 2610 sese
830 2551 1186 2620 exorabilem,
1217 2551 1473 2608 omnibus
1514 2550 1825 2608 clementis·

211 2653 424 2710 simam
467 2650 719 2723 praebet,
763 2650 1009 2707 omnium
1039 2648 1275 2720 denique
1317 2648 1681 2712 necessitates
1712 2665 1826 2705 am-

347 2882 393 2942 1)
430 2880 572 2928 Cant.
608 2881 656 2938 6,
690 2880 739 2926 9.
1495 2934 1500 2937 .

342 2964 394 3022 2)
430 2961 580 3009 Serm.
617 2961 668 3008 in
700 2961 831 3007 Dom.
867 2959 956 3007 inf.
993 2959 1099 3007 Oct.
1135 2959 1346 3007 Assumt.
1381 2960 1437 3007 B.
1474 2959 1539 3006 M.
1575 2960 1631 3007 V.
1667 2973 1716 3006 n.
1753 2959 1798 3006 3.
