2237 3481
395 217 509 284 186
876 206 1189 284 ‘sessurum
1230 236 1281 284 Β.
1324 235 1387 283 m.
1429 236 1485 284 v.

391 437 607 507 lorum3
650 438 796 495 unde
856 436 1058 494 beatus
1118 436 1497 510 Hieronymus
1527 434 1616 512 (1)
1658 435 1772 493 ait:
1834 457 1865 486 α
1893 435 1996 493 Le-

336 525 338 531 ’
392 537 597 609 gimuS,
640 553 807 609 quam
838 552 1003 608 saepe
1044 536 1116 593 ad
1160 535 1359 594 funera
1400 535 1458 594 et
1499 535 1826 607 sepulturas
1861 550 1996 607 quo-

393 634 660 692 rumlibet
697 635 1021 693 sanctorum
1062 635 1296 706 angelos
1341 634 1635 693 advenisse
1674 634 1734 692 et
1771 634 1997 691 animas

393 732 694 791 electorum
723 749 898 806 usque
939 733 1012 791 ad
1053 733 1235 792 caelos
1263 750 1387 791 cum
1416 732 1643 806 hymnis
1670 732 1841 806 atque
1869 733 1997 791 lau-

396 830 559 888 dibus
600 830 869 890 detulisse
898 854 954 890 ».
997 830 1075 888 Et
1116 831 1249 904 post
1288 847 1500 903 pauca:
1554 853 1585 882 α
1614 831 1839 900 Quanto
1883 849 1997 889 ma·

395 930 486 1002 gis
526 929 858 987 credendum
903 929 1008 999 est,
1053 928 1313 988 militiam
1361 930 1642 989 caelorum
1695 947 1823 988 cum
1876 932 1997 989 suis

396 1027 717 1101 agminibus
757 1028 958 1087 festive
1001 1029 1221 1087 obviam
1279 1029 1501 1087 venisse
1551 1028 1813 1102 genitrici
1872 1030 1995 1099 Dei,

397 1142 626 1198 eamque
674 1126 892 1199 ingenti
945 1127 1157 1185 lumine
1208 1125 1646 1185 circumfulsisse
1702 1127 1760 1185 et
1815 1144 1997 1200 usque

399 1224 471 1282 ad
512 1224 779 1282 thronum
823 1224 954 1283 olim
999 1225 1106 1283 sibi
1148 1224 1281 1283 ante
1311 1225 1505 1284 mundi
1532 1225 1994 1286 constitutionem

403 1322 664 1394 paratum
708 1339 833 1380 cum
879 1322 1143 1380 laudibus
1198 1322 1257 1381 et
1308 1322 1543 1381 canticis
1598 1324 1999 1396 spiritualibus

401 1421 726 1493 perduxisse
753 1444 783 1474 »
810 1423 823 1478 l
854 1453 933 1463 —
954 1420 1121 1490 Item,
1150 1421 1441 1480 considera
1468 1422 1526 1479 in
1556 1422 1740 1480 Maria
1767 1422 1997 1495 opulen-

400 1519 546 1576 tiam
583 1519 926 1577 meritorum
967 1521 1023 1577 in
1066 1520 1351 1592 apparatu
1393 1536 1686 1578 munerum
1719 1518 1998 1592 ‘pretioso-

404 1633 564 1686 rum3
606 1616 808 1674 attulit
848 1634 1089 1690 namque
1132 1634 1318 1675 secum
1348 1634 1563 1675 aarum
1591 1617 1897 1688 infinitum
1923 1619 1997 1676 di·

399 1714 656 1774 lectionis
706 1715 808 1774 Dei
862 1716 921 1774 et
977 1716 1375 1788 proximorum,
1412 1732 1670 1789 yewwnas
1699 1717 1998 1789 pretiosas

402 1789 680 1872 virtutum
724 1815 782 1873 et
822 1815 1114 1885 donorum,
1158 1817 1435 1873 aromata
1461 1815 1735 1874 bonorum
1764 1832 1997 1888 operum

402 1914 461 1969 et
512 1912 910 1984 exemplorum.
952 1913 1162 1972 Parum
1226 1913 1332 1982 est,
1374 1913 1522 1987 quod
1584 1913 1651 1971 de
1710 1913 1999 1972 thesauris

402 2013 614 2071 Mariae
656 2011 776 2070 dico
819 2012 1077 2084 respectu
1121 2015 1239 2070 eius
1295 2011 1442 2086 quod
1497 2011 1698 2071 beatus
1753 2013 2002 2071 Bernar-

403 2113 509 2170 dus
532 2111 621 2185 (2)
664 2111 903 2169 Mariam
945 2112 1259 2185 alloquenS,
1287 2112 1399 2170 ait:
1453 2134 1482 2164 α
1510 2112 1580 2171 In
1611 2112 1893 2182 manibus,
1922 2113 1999 2169 in·

403 2210 546 2284 quit,
589 2211 704 2268 tuis
746 2209 882 2268 sunt
923 2226 1115 2269 omnes
1158 2209 1412 2269 thesauri
1441 2211 1866 2269 miserationum
1897 2212 2002 2271 Do—

403 2310 562 2367 mini.
611 2308 800 2393 Absit,
842 2309 910 2367 ut
949 2310 1131 2367 cesset
1188 2327 1388 2368 manus
1443 2310 1577 2381 tua3
1618 2326 1797 2383 neque
1853 2313 1999 2368 enim

404 2407 506 2465 tua
546 2407 729 2480 gloria
772 2408 1065 2477 minuitur,
1107 2408 1205 2468 sed
1244 2407 1505 2481 augetur,
1548 2425 1674 2467 cum
1717 2409 2002 2480 poeniten-

405 2505 493 2563 tes
533 2505 604 2562 ad
659 2506 899 2575 veniam,
938 2505 1235 2564 iustificati
1282 2506 1355 2564 ad
1406 2507 1646 2579 gloriam
1708 2522 2002 2565 assumun-

534 2755 579 2814 1)
613 2753 768 2814 Epist.
804 2767 942 2813 saepe
974 2754 1059 2802 cit.
1095 2769 1145 2801 n.
1181 2755 1228 2803 8.

287 2892 297 2900 ⁸
529 2834 579 2893 2)
616 2834 779 2882 Potius
810 2836 938 2882 Petr.
973 2836 1130 2896 Dam.,
1165 2836 1312 2884 Serm.
1348 2837 1426 2883 44.
1465 2837 1533 2896 (1.
1567 2836 1618 2885 iu
1652 2836 1816 2885 Nativ.
1842 2839 1898 2885 Β.
1933 2838 1995 2885 Μ.

228 2937 369 3020 *Ἠ
407 2915 487 2972 V.)
523 2914 647 2961 circa
679 2916 832 2961 finem.

355 3141 651 3357 k
