2237 3481
892 289 1091 339 murro
1136 292 1214 340 vt.
1778 275 1849 339 91

236 488 421 561 gitur,
467 486 616 560 quod
659 485 837 545 ducta
878 487 959 545 ad
1011 487 1345 544 cubiculum
1396 487 1553 561 reyis
1606 485 1858 545 Assueri

238 584 457 643 habuit
478 585 740 660 qratiam
782 588 836 642 et
862 584 1332 643 misericordiam
1362 602 1564 643 coram
1590 602 1652 643 eo
1680 601 1858 657 super

237 700 439 742 omnes
466 683 761 756 mulieres,
786 685 843 741 et
858 684 1065 755 posuit
1084 683 1355 741 diadema
1381 684 1554 757 requi
1582 684 1647 740 iu
1668 683 1857 755 capite

235 784 386 841 eius.
416 780 628 839 Esther
656 780 1075 853 interpretatur
1101 781 1326 839 elevata
1350 781 1459 857 (1).
1495 781 1617 840 Hoc
1645 781 1855 853 optime

234 880 507 939 convenit
546 880 787 947 Mariae,
825 880 892 938 de
934 897 1046 952 qua
1095 879 1298 938 beatus
1353 880 1735 953 Hieronymus
1764 880 1853 953 (2)

234 978 350 1036 ait:
400 1000 429 1029 α
454 977 733 1036 Elevatur
770 994 942 1051 super
970 977 1170 1036 choros
1198 978 1548 1050 angelorum,
1578 978 1645 1035 ut
1674 976 1856 1050 possit

238 1077 488 1149 speciem
531 1076 866 1149 vultumque
907 1076 1093 1134 videre
1137 1076 1471 1145 SalvatoriS,
1514 1092 1676 1149 quem
1707 1092 1855 1133 ama-

233 1175 425 1242 verat,
468 1191 632 1247 quem
675 1173 934 1247 cupierat
975 1192 1040 1232 ex
1083 1173 1205 1232 toto
1262 1174 1534 1233 desiderio
1583 1173 1766 1232 cordis
1794 1197 1853 1231 ».

233 1273 368 1331 Ista
409 1271 623 1331 Esther
665 1273 881 1346 regina,
912 1272 1079 1330 beata
1124 1271 1300 1344 Virgo
1338 1272 1540 1340 Maria,
1566 1272 1736 1329 ducta
1766 1271 1855 1329 est

233 1374 295 1428 in
349 1372 472 1428 eius
524 1370 873 1429 assumtione
915 1371 973 1427 in
1015 1369 1333 1427 cubiculum
1393 1371 1542 1443 regis
1598 1369 1852 1437 Assueri,

231 1468 411 1541 Regis
439 1468 676 1537 aeterni,
718 1469 777 1525 in
820 1467 1136 1525 cubiculum
1180 1466 1393 1539 utique,
1423 1467 1490 1525 de
1518 1483 1627 1540 quo
1663 1467 1854 1540 Augu·

235 1566 450 1633 Stiuas,
495 1565 735 1622 Mariam
770 1564 860 1639 (3)
903 1565 1218 1638 alloquenS,
1261 1564 1374 1622 ait:
1428 1586 1459 1615 α
1486 1564 1569 1622 Tu
1611 1565 1670 1622 in
1698 1563 1854 1622 c'ubi-

233 1663 353 1721 culi
398 1664 541 1736 regii
581 1661 932 1720 beatitudine
985 1663 1224 1735 gemmis
1273 1678 1339 1719 ac
1389 1661 1720 1735 margaritis
1768 1676 1852 1718 or-

232 1762 381 1819 nata
437 1761 702 1820 consistis
731 1784 789 1818 ».
834 1761 1018 1819 Ducta
1080 1760 1273 1833 itaque
1331 1761 1399 1817 iu
1458 1760 1563 1819 hoc
1619 1760 1853 1817 cubicu-

236 1862 367 1920 lum
395 1860 604 1933 quietis
634 1860 897 1918 aeternae
926 1859 1125 1932 regina
1167 1858 1367 1926 Maria,
1392 1859 1658 1932 qratiam
1702 1859 1851 1931 regis

231 1959 502 2026 Assueri,
544 1958 601 2015 id
643 1956 733 2016 est
773 1957 1019 2031 gratiam
1066 1956 1217 2029 regis
1270 1958 1408 2025 veri,
1450 1955 1624 2014 habet
1676 1971 1850 2027 super

232 2073 436 2116 omnes
462 2056 758 2128 mulieres,
800 2056 855 2113 id
898 2057 987 2113 est
1015 2071 1188 2128 super
1217 2071 1410 2113 omnes
1436 2053 1849 2128 intelligentias

234 2156 532 2229 angelicas
575 2154 633 2213 et
675 2170 847 2226 super
875 2169 1068 2212 omnes
1098 2152 1295 2210 beatas
1324 2153 1562 2221 animae,
1593 2153 1660 2210 ut
1687 2152 1765 2210 sit
1791 2154 1850 2209 in

229 2255 421 2312 Maria
459 2254 669 2328 qratia
707 2268 885 2324 super
921 2253 1182 2325 qratiam
1238 2252 1486 2309 omnium
1535 2250 1848 2309 beatorum.

226 2353 387 2412 Nam
432 2369 492 2410 re
534 2367 671 2409 vera
715 2352 781 2409 in
822 2351 1012 2423 capite
1040 2351 1166 2407 eius
1194 2349 1311 2406 Rex
1340 2365 1538 2423 regum
1579 2348 1849 2408 diadema

363 2557 411 2615 1)
448 2553 766 2603 communiter
812 2555 972 2601 tamen
1019 2552 1368 2612 interpretatur
1415 2551 1653 2599 absconsa
1671 2567 1692 2610 ‚·
1741 2551 1848 2599 vide

227 2640 416 2697 Lyran.
451 2638 503 2683 et
534 2637 601 2683 De
632 2636 701 2683 La
745 2635 896 2694 Haye‚
936 2633 1095 2680 Biblia
1129 2634 1257 2679 Max.
1293 2632 1345 2679 in
1377 2633 1501 2680 hunc
1541 2634 1708 2680 locum.
1745 2632 1843 2680 Cfr.

226 2720 437 2775 Bouav„
472 2717 589 2762 tom.
627 2715 752 2762 VIII.
787 2728 897 2773 pag.
935 2714 1026 2760 315
1060 2728 1111 2759 u.
1142 2713 1216 2759 16.
1244 2726 1343 2770 seq.
1378 2714 1429 2760 et
1458 2714 1576 2760 tom.
1610 2713 1698 2760 IX.
1732 2727 1843 2772 pag.

229 2798 325 2847 ‘711
362 2811 411 2856 a,
447 2795 528 2843 ubi
562 2795 740 2843 dicitur
780 2813 804 2839 α
824 2794 1000 2841 Esther
1035 2795 1224 2840 elevata
1255 2792 1306 2840 in
1338 2792 1523 2853 populis
1545 2810 1593 2840 ».

359 2877 412 2936 2)
447 2876 607 2936 Epist.
643 2875 727 2924 cit.
765 2890 815 2922 n.
856 2874 930 2921 13.

359 2957 411 3018 3)
448 2956 597 3005 Serm.
634 2956 745 3004 208.
782 2955 867 3002 cit.
903 2969 952 3001 n.
991 2954 1067 3000 11.
