<?xml version="1.0" encoding="UTF-8"?>
<!DOCTYPE html PUBLIC "-//W3C//DTD XHTML 1.0 Transitional//EN"
    "http://www.w3.org/TR/xhtml1/DTD/xhtml1-transitional.dtd">
<html xmlns="http://www.w3.org/1999/xhtml" xml:lang="en" lang="en">
 <head>
  <title>
</title>
<meta http-equiv="Content-Type" content="text/html;charset=utf-8" />
  <meta name='ocr-system' content='tesseract 3.04.00' />
  <meta name='ocr-capabilities' content='ocr_page ocr_carea ocr_par ocr_line ocrx_word'/>
</head>
<body>
  <div class='ocr_page' id='page_1' title='image "./speculumbeataem00brungoog_0206.png"; bbox 0 0 2237 3481; ppageno 0'>
   <div class='ocr_carea' id='block_1_1' title="bbox 380 250 1462 312">
    <p class='ocr_par' dir='ltr' id='par_1_1' title="bbox 380 250 1462 312">
     <span class='ocr_line' id='line_1_1' title="bbox 380 250 1462 312; baseline 0 -3"><span class='ocrx_word' id='word_1_1' title='bbox 380 250 494 309; x_wconf 86' lang='lat'>172</span> <span class='ocrx_word' id='word_1_2' title='bbox 878 268 1168 311; x_wconf 75' lang='lat' dir='ltr'>SPECULUM</span> <span class='ocrx_word' id='word_1_3' title='bbox 1207 270 1260 310; x_wconf 86' lang='lat' dir='ltr'>B.</span> <span class='ocrx_word' id='word_1_4' title='bbox 1301 269 1365 311; x_wconf 79' lang='lat' dir='ltr'>M.</span> <span class='ocrx_word' id='word_1_5' title='bbox 1406 270 1462 312; x_wconf 83' lang='lat' dir='ltr'>v.</span> 
     </span>
    </p>
   </div>
   <div class='ocr_carea' id='block_1_2' title="bbox 362 460 1984 2602">
    <p class='ocr_par' dir='ltr' id='par_1_2' title="bbox 366 460 1984 1899">
     <span class='ocr_line' id='line_1_2' title="bbox 377 460 1979 543; baseline 0 -24"><span class='ocrx_word' id='word_1_6' title='bbox 377 477 534 519; x_wconf 90' lang='lat' dir='ltr'>mens</span> <span class='ocrx_word' id='word_1_7' title='bbox 562 460 803 534; x_wconf 76' lang='lat' dir='ltr'>quietem</span> <span class='ocrx_word' id='word_1_8' title='bbox 833 460 1028 519; x_wconf 88' lang='lat' dir='ltr'>fovens</span> <span class='ocrx_word' id='word_1_9' title='bbox 1056 462 1115 518; x_wconf 88' lang='lat' dir='ltr'>in</span> <span class='ocrx_word' id='word_1_10' title='bbox 1146 460 1642 543; x_wconf 57' lang='lat' dir='ltr'>contemplatione3</span> <span class='ocrx_word' id='word_1_11' title='bbox 1680 461 1806 519; x_wconf 87' lang='lat' dir='ltr'>Sive</span> <span class='ocrx_word' id='word_1_12' title='bbox 1837 478 1979 534; x_wconf 87' lang='lat' dir='ltr'>ergo</span> 
     </span>
     <span class='ocr_line' id='line_1_3' title="bbox 376 559 1984 632; baseline 0 -16"><span class='ocrx_word' id='word_1_13' title='bbox 376 560 453 617; x_wconf 79' lang='lat' dir='ltr'>sit</span> <span class='ocrx_word' id='word_1_14' title='bbox 493 576 651 617; x_wconf 90' lang='lat' dir='ltr'>mens</span> <span class='ocrx_word' id='word_1_15' title='bbox 690 561 877 618; x_wconf 79' lang='lat' dir='ltr'>activa</span> <span class='ocrx_word' id='word_1_16' title='bbox 919 561 1037 618; x_wconf 88' lang='lat' dir='ltr'>sive</span> <span class='ocrx_word' id='word_1_17' title='bbox 1064 559 1524 632; x_wconf 77' lang='lat' dir='ltr'>contemplativa,</span> <span class='ocrx_word' id='word_1_18' title='bbox 1562 576 1783 632; x_wconf 77' lang='lat' dir='ltr'><strong>semper</strong></span> <span class='ocrx_word' id='word_1_19' title='bbox 1811 559 1984 618; x_wconf 76' lang='lat' dir='ltr'>debet</span> 
     </span>
     <span class='ocr_line' id='line_1_4' title="bbox 375 658 1982 731; baseline 0.001 -16"><span class='ocrx_word' id='word_1_20' title='bbox 375 658 606 717; x_wconf 88' lang='lat' dir='ltr'>floribus</span> <span class='ocrx_word' id='word_1_21' title='bbox 648 676 768 717; x_wconf 89' lang='lat' dir='ltr'>esse</span> <span class='ocrx_word' id='word_1_22' title='bbox 810 660 1088 717; x_wconf 77' lang='lat' dir='ltr'>virtutum</span> <span class='ocrx_word' id='word_1_23' title='bbox 1142 658 1398 716; x_wconf 78' lang='lat' dir='ltr'>venusta.</span> <span class='ocrx_word' id='word_1_24' title='bbox 1452 658 1573 717; x_wconf 88' lang='lat' dir='ltr'>Hoc</span> <span class='ocrx_word' id='word_1_25' title='bbox 1613 675 1831 731; x_wconf 87' lang='lat' dir='ltr'>quoque</span> <span class='ocrx_word' id='word_1_26' title='bbox 1883 675 1982 717; x_wconf 85' lang='lat' dir='ltr'>no-</span> 
     </span>
     <span class='ocr_line' id='line_1_5' title="bbox 378 756 1979 830; baseline 0.001 -17"><span class='ocrx_word' id='word_1_27' title='bbox 378 756 612 814; x_wconf 79' lang='lat' dir='ltr'>tandum</span> <span class='ocrx_word' id='word_1_28' title='bbox 655 758 760 826; x_wconf 77' lang='lat' dir='ltr'>est,</span> <span class='ocrx_word' id='word_1_29' title='bbox 790 758 936 830; x_wconf 89' lang='lat' dir='ltr'>qnod</span> <span class='ocrx_word' id='word_1_30' title='bbox 964 757 1067 816; x_wconf 89' lang='lat' dir='ltr'>flos</span> <span class='ocrx_word' id='word_1_31' title='bbox 1096 756 1432 824; x_wconf 75' lang='lat' dir='ltr'>honestatis,</span> <span class='ocrx_word' id='word_1_32' title='bbox 1464 758 1631 816; x_wconf 86' lang='lat' dir='ltr'>immo</span> <span class='ocrx_word' id='word_1_33' title='bbox 1659 756 1764 816; x_wconf 91' lang='lat' dir='ltr'>flos</span> <span class='ocrx_word' id='word_1_34' title='bbox 1792 758 1979 815; x_wconf 85' lang='lat' dir='ltr'>cuius-</span> 
     </span>
     <span class='ocr_line' id='line_1_6' title="bbox 376 854 1979 929; baseline -0.001 -17"><span class='ocrx_word' id='word_1_35' title='bbox 376 855 514 913; x_wconf 77' lang='lat' dir='ltr'>libet</span> <span class='ocrx_word' id='word_1_36' title='bbox 555 857 788 914; x_wconf 76' lang='lat' dir='ltr'>virtutis</span> <span class='ocrx_word' id='word_1_37' title='bbox 828 857 989 929; x_wconf 89' lang='lat' dir='ltr'>quasi</span> <span class='ocrx_word' id='word_1_38' title='bbox 1030 856 1118 915; x_wconf 76' lang='lat' dir='ltr'>tot</span> <span class='ocrx_word' id='word_1_39' title='bbox 1158 856 1332 913; x_wconf 77' lang='lat' dir='ltr'>habet</span> <span class='ocrx_word' id='word_1_40' title='bbox 1371 855 1523 925; x_wconf 88' lang='lat' dir='ltr'>folia,</span> <span class='ocrx_word' id='word_1_41' title='bbox 1566 854 1705 928; x_wconf 77' lang='lat' dir='ltr'><strong>quot</strong></span> <span class='ocrx_word' id='word_1_42' title='bbox 1739 855 1888 914; x_wconf 87' lang='lat' dir='ltr'>bona</span> <span class='ocrx_word' id='word_1_43' title='bbox 1916 856 1979 912; x_wconf 76' lang='lat' dir='ltr'>et</span> 
     </span>
     <span class='ocr_line' id='line_1_7' title="bbox 374 952 1976 1027; baseline 0.001 -17"><span class='ocrx_word' id='word_1_44' title='bbox 374 954 662 1012; x_wconf 74' lang='lat' dir='ltr'>meritoria</span> <span class='ocrx_word' id='word_1_45' title='bbox 703 953 876 1012; x_wconf 79' lang='lat' dir='ltr'>habet</span> <span class='ocrx_word' id='word_1_46' title='bbox 915 971 1103 1026; x_wconf 89' lang='lat' dir='ltr'>opera.</span> <span class='ocrx_word' id='word_1_47' title='bbox 1147 952 1193 1012; x_wconf 97' lang='lat' dir='ltr'>O</span> <span class='ocrx_word' id='word_1_48' title='bbox 1236 970 1402 1027; x_wconf 87' lang='lat' dir='ltr'>quam</span> <span class='ocrx_word' id='word_1_49' title='bbox 1431 952 1629 1013; x_wconf 87' lang='lat' dir='ltr'>florida</span> <span class='ocrx_word' id='word_1_50' title='bbox 1658 952 1769 1010; x_wconf 84' lang='lat' dir='ltr'>fuit</span> <span class='ocrx_word' id='word_1_51' title='bbox 1797 953 1976 1022; x_wconf 79' lang='lat' dir='ltr'>terra,</span> 
     </span>
     <span class='ocr_line' id='line_1_8' title="bbox 372 1050 1978 1125; baseline 0 -16"><span class='ocrx_word' id='word_1_52' title='bbox 372 1068 538 1124; x_wconf 88' lang='lat' dir='ltr'>quam</span> <span class='ocrx_word' id='word_1_53' title='bbox 582 1051 814 1110; x_wconf 88' lang='lat' dir='ltr'>floridus</span> <span class='ocrx_word' id='word_1_54' title='bbox 855 1052 963 1109; x_wconf 79' lang='lat' dir='ltr'>fuit</span> <span class='ocrx_word' id='word_1_55' title='bbox 1002 1053 1185 1110; x_wconf 78' lang='lat' dir='ltr'>lectus</span> <span class='ocrx_word' id='word_1_56' title='bbox 1213 1053 1444 1121; x_wconf 87' lang='lat' dir='ltr'>Mariae,</span> <span class='ocrx_word' id='word_1_57' title='bbox 1488 1068 1628 1125; x_wconf 90' lang='lat' dir='ltr'>quae</span> <span class='ocrx_word' id='word_1_58' title='bbox 1670 1051 1727 1108; x_wconf 91' lang='lat' dir='ltr'>in</span> <span class='ocrx_word' id='word_1_59' title='bbox 1772 1050 1978 1109; x_wconf 88' lang='lat' dir='ltr'>florida</span> 
     </span>
     <span class='ocr_line' id='line_1_9' title="bbox 374 1148 1977 1209; baseline 0.001 -3"><span class='ocrx_word' id='word_1_60' title='bbox 374 1150 524 1207; x_wconf 81' lang='lat' dir='ltr'>vitae</span> <span class='ocrx_word' id='word_1_61' title='bbox 564 1148 862 1208; x_wconf 75' lang='lat' dir='ltr'>honestate</span> <span class='ocrx_word' id='word_1_62' title='bbox 903 1149 1141 1208; x_wconf 79' lang='lat' dir='ltr'>florebat</span> <span class='ocrx_word' id='word_1_63' title='bbox 1188 1152 1435 1209; x_wconf 89' lang='lat' dir='ltr'>omnium</span> <span class='ocrx_word' id='word_1_64' title='bbox 1479 1149 1760 1207; x_wconf 78' lang='lat' dir='ltr'>virtutum</span> <span class='ocrx_word' id='word_1_65' title='bbox 1805 1165 1977 1207; x_wconf 87' lang='lat' dir='ltr'>venu-</span> 
     </span>
     <span class='ocr_line' id='line_1_10' title="bbox 372 1244 1974 1320; baseline 0.001 -16"><span class='ocrx_word' id='word_1_66' title='bbox 372 1247 540 1316; x_wconf 75' lang='lat' dir='ltr'>state,</span> <span class='ocrx_word' id='word_1_67' title='bbox 570 1248 716 1305; x_wconf 75' lang='lat' dir='ltr'>sicut</span> <span class='ocrx_word' id='word_1_68' title='bbox 744 1248 992 1305; x_wconf 77' lang='lat' dir='ltr'>testatur</span> <span class='ocrx_word' id='word_1_69' title='bbox 1020 1247 1220 1305; x_wconf 73' lang='lat' dir='ltr'>beatus</span> <span class='ocrx_word' id='word_1_70' title='bbox 1247 1247 1572 1306; x_wconf 89' lang='lat' dir='ltr'>Bernardus</span> <span class='ocrx_word' id='word_1_71' title='bbox 1604 1244 1715 1320; x_wconf 90' lang='lat'>(1),</span> <span class='ocrx_word' id='word_1_72' title='bbox 1745 1246 1974 1305; x_wconf 88' lang='lat' dir='ltr'>dicens:</span> 
     </span>
     <span class='ocr_line' id='line_1_11' title="bbox 380 1346 1976 1421; baseline 0.004 -23"><span class='ocrx_word' id='word_1_73' title='bbox 380 1368 409 1398; x_wconf 73' lang='grc' dir='ltr'><strong>α</strong></span> <span class='ocrx_word' id='word_1_74' title='bbox 437 1346 519 1404; x_wconf 86' lang='lat' dir='ltr'>Tu</span> <span class='ocrx_word' id='word_1_75' title='bbox 562 1347 894 1405; x_wconf 74' lang='lat' dir='ltr'>Sanctorum</span> <span class='ocrx_word' id='word_1_76' title='bbox 937 1346 1142 1404; x_wconf 81' lang='lat' dir='ltr'>areola</span> <span class='ocrx_word' id='word_1_77' title='bbox 1182 1349 1516 1404; x_wconf 82' lang='lat' dir='ltr'>aromatum</span> <span class='ocrx_word' id='word_1_78' title='bbox 1539 1347 1650 1421; x_wconf 87' lang='lat'>(2),</span> <span class='ocrx_word' id='word_1_79' title='bbox 1697 1362 1728 1404; x_wconf 90' lang='grc' dir='ltr'>ο</span> <span class='ocrx_word' id='word_1_80' title='bbox 1766 1346 1976 1416; x_wconf 86' lang='lat' dir='ltr'>Maria,</span> 
     </span>
     <span class='ocr_line' id='line_1_12' title="bbox 369 1444 1972 1517; baseline -0.001 -14"><span class='ocrx_word' id='word_1_81' title='bbox 369 1462 403 1502; x_wconf 89' lang='lat' dir='ltr'>a</span> <span class='ocrx_word' id='word_1_82' title='bbox 444 1445 671 1503; x_wconf 80' lang='lat' dir='ltr'>caelesti</span> <span class='ocrx_word' id='word_1_83' title='bbox 713 1444 929 1503; x_wconf 74' lang='lat' dir='ltr'>consita</span> <span class='ocrx_word' id='word_1_84' title='bbox 970 1445 1365 1517; x_wconf 80' lang='lat' dir='ltr'>pigmentario,</span> <span class='ocrx_word' id='word_1_85' title='bbox 1410 1445 1686 1503; x_wconf 76' lang='lat' dir='ltr'>virtutum</span> <span class='ocrx_word' id='word_1_86' title='bbox 1716 1446 1972 1504; x_wconf 89' lang='lat' dir='ltr'>omnium</span> 
     </span>
     <span class='ocr_line' id='line_1_13' title="bbox 369 1543 1976 1616; baseline 0.001 -15"><span class='ocrx_word' id='word_1_87' title='bbox 369 1545 634 1616; x_wconf 81' lang='lat' dir='ltr'>speciosis</span> <span class='ocrx_word' id='word_1_88' title='bbox 662 1543 894 1602; x_wconf 88' lang='lat' dir='ltr'>floribus</span> <span class='ocrx_word' id='word_1_89' title='bbox 922 1543 1329 1602; x_wconf 77' lang='lat' dir='ltr'>delectabiliter</span> <span class='ocrx_word' id='word_1_90' title='bbox 1358 1560 1622 1612; x_wconf 80' lang='lat' dir='ltr'>vernanS,</span> <span class='ocrx_word' id='word_1_91' title='bbox 1652 1544 1805 1601; x_wconf 77' lang='lat' dir='ltr'>inter</span> <span class='ocrx_word' id='word_1_92' title='bbox 1833 1560 1976 1616; x_wconf 88' lang='lat' dir='ltr'>quo-</span> 
     </span>
     <span class='ocr_line' id='line_1_14' title="bbox 367 1640 1975 1715; baseline -0.001 -15"><span class='ocrx_word' id='word_1_93' title='bbox 367 1660 492 1700; x_wconf 89' lang='lat' dir='ltr'>rum</span> <span class='ocrx_word' id='word_1_94' title='bbox 537 1642 943 1715; x_wconf 86' lang='lat' dir='ltr'>pulcherrimos</span> <span class='ocrx_word' id='word_1_95' title='bbox 985 1640 1159 1699; x_wconf 75' lang='lat' dir='ltr'>trium</span> <span class='ocrx_word' id='word_1_96' title='bbox 1202 1642 1344 1699; x_wconf 78' lang='lat' dir='ltr'>inte</span> <span class='ocrx_word' id='word_1_97' title='bbox 1388 1643 1660 1700; x_wconf 86' lang='lat' dir='ltr'>miramur</span> <span class='ocrx_word' id='word_1_98' title='bbox 1701 1643 1975 1700; x_wconf 84' lang='lat' dir='ltr'>excellen-</span> 
     </span>
     <span class='ocr_line' id='line_1_15' title="bbox 368 1740 1973 1811; baseline 0 -12"><span class='ocrx_word' id='word_1_99' title='bbox 368 1743 542 1800; x_wconf 78' lang='lat' dir='ltr'>tiam:</span> <span class='ocrx_word' id='word_1_100' title='bbox 604 1742 754 1800; x_wconf 86' lang='lat' dir='ltr'>viola</span> <span class='ocrx_word' id='word_1_101' title='bbox 807 1740 1168 1809; x_wconf 73' lang='lat' dir='ltr'>humilitatis,</span> <span class='ocrx_word' id='word_1_102' title='bbox 1232 1742 1410 1799; x_wconf 89' lang='lat' dir='ltr'>lilium</span> <span class='ocrx_word' id='word_1_103' title='bbox 1467 1740 1774 1811; x_wconf 75' lang='lat' dir='ltr'>castitatis,</span> <span class='ocrx_word' id='word_1_104' title='bbox 1838 1759 1973 1801; x_wconf 87' lang='lat' dir='ltr'>rosa</span> 
     </span>
     <span class='ocr_line' id='line_1_16' title="bbox 366 1833 1742 1899; baseline -0.003 0"><span class='ocrx_word' id='word_1_105' title='bbox 366 1840 626 1899; x_wconf 77' lang='lat' dir='ltr'>caritatis</span> <span class='ocrx_word' id='word_1_106' title='bbox 666 1841 727 1898; x_wconf 92' lang='lat' dir='ltr'>hi</span> <span class='ocrx_word' id='word_1_107' title='bbox 771 1841 991 1898; x_wconf 78' lang='lat' dir='ltr'>sunt».</span> <span class='ocrx_word' id='word_1_108' title='bbox 1729 1833 1742 1842; x_wconf 79' lang='grc'><strong><em>’</em></strong></span> 
     </span>
    </p>

    <p class='ocr_par' dir='ltr' id='par_1_3' title="bbox 362 1939 1974 2602">
     <span class='ocr_line' id='line_1_17' title="bbox 525 1939 1974 2009; baseline 0.001 -11"><span class='ocrx_word' id='word_1_109' title='bbox 525 1940 713 1999; x_wconf 80' lang='lat' dir='ltr'>Tertio</span> <span class='ocrx_word' id='word_1_110' title='bbox 754 1939 1184 2009; x_wconf 77' lang='lat' dir='ltr'>consideremuS,</span> <span class='ocrx_word' id='word_1_111' title='bbox 1227 1940 1522 2009; x_wconf 84' lang='lat' dir='ltr'>carissimi,</span> <span class='ocrx_word' id='word_1_112' title='bbox 1563 1940 1621 1998; x_wconf 92' lang='lat' dir='ltr'>in</span> <span class='ocrx_word' id='word_1_113' title='bbox 1652 1940 1837 1998; x_wconf 85' lang='lat' dir='ltr'>Maria</span> <span class='ocrx_word' id='word_1_114' title='bbox 1865 1939 1974 1999; x_wconf 88' lang='lat' dir='ltr'>flo-</span> 
     </span>
     <span class='ocr_line' id='line_1_18' title="bbox 366 2035 1972 2111; baseline 0.001 -15"><span class='ocrx_word' id='word_1_115' title='bbox 366 2055 480 2096; x_wconf 88' lang='lat' dir='ltr'>rem</span> <span class='ocrx_word' id='word_1_116' title='bbox 524 2037 914 2096; x_wconf 79' lang='lat' dir='ltr'>miraculosae</span> <span class='ocrx_word' id='word_1_117' title='bbox 952 2035 1344 2106; x_wconf 76' lang='lat' dir='ltr'>fecunditatis.</span> <span class='ocrx_word' id='word_1_118' title='bbox 1383 2037 1495 2104; x_wconf 55' lang='lat' dir='ltr'>Hic,</span> <span class='ocrx_word' id='word_1_119' title='bbox 1553 2036 1657 2097; x_wconf 92' lang='lat' dir='ltr'>flos</span> <span class='ocrx_word' id='word_1_120' title='bbox 1698 2038 1789 2096; x_wconf 76' lang='lat' dir='ltr'>est</span> <span class='ocrx_word' id='word_1_121' title='bbox 1845 2039 1972 2111; x_wconf 89' lang='lat' dir='ltr'>ipse</span> 
     </span>
     <span class='ocr_line' id='line_1_19' title="bbox 364 2135 1962 2212; baseline 0.001 -18"><span class='ocrx_word' id='word_1_122' title='bbox 364 2137 543 2194; x_wconf 86' lang='lat' dir='ltr'>Filius</span> <span class='ocrx_word' id='word_1_123' title='bbox 598 2136 868 2209; x_wconf 86' lang='lat' dir='ltr'>Virginis,</span> <span class='ocrx_word' id='word_1_124' title='bbox 930 2135 997 2192; x_wconf 88' lang='lat' dir='ltr'>de</span> <span class='ocrx_word' id='word_1_125' title='bbox 1053 2152 1163 2209; x_wconf 90' lang='lat' dir='ltr'>quo</span> <span class='ocrx_word' id='word_1_126' title='bbox 1219 2136 1539 2208; x_wconf 75' lang='lat' dir='ltr'>specialiter</span> <span class='ocrx_word' id='word_1_127' title='bbox 1599 2136 1806 2195; x_wconf 76' lang='lat' dir='ltr'>dicitur</span> <span class='ocrx_word' id='word_1_128' title='bbox 1836 2137 1962 2212; x_wconf 84' lang='lat'><strong>(3):</strong></span> 
     </span>
     <span class='ocr_line' id='line_1_20' title="bbox 364 2234 1973 2308; baseline 0.001 -16"><span class='ocrx_word' id='word_1_129' title='bbox 364 2234 714 2308; x_wconf 75' lang='lat' dir='ltr'>Eyredietur</span> <span class='ocrx_word' id='word_1_130' title='bbox 754 2235 925 2307; x_wconf 61' lang='lat' dir='ltr'>viv-,qa</span> <span class='ocrx_word' id='word_1_131' title='bbox 968 2234 1035 2292; x_wconf 87' lang='lat' dir='ltr'>de</span> <span class='ocrx_word' id='word_1_132' title='bbox 1074 2235 1271 2293; x_wconf 81' lang='lat' dir='ltr'>radice</span> <span class='ocrx_word' id='word_1_133' title='bbox 1293 2235 1465 2306; x_wconf 83' lang='lat' dir='ltr'>Iesse,</span> <span class='ocrx_word' id='word_1_134' title='bbox 1509 2237 1563 2292; x_wconf 84' lang='lat' dir='ltr'>et</span> <span class='ocrx_word' id='word_1_135' title='bbox 1602 2234 1712 2305; x_wconf 74' lang='lat' dir='ltr'>flos</span> <span class='ocrx_word' id='word_1_136' title='bbox 1762 2234 1831 2293; x_wconf 90' lang='lat' dir='ltr'>de</span> <span class='ocrx_word' id='word_1_137' title='bbox 1871 2253 1973 2294; x_wconf 83' lang='lat' dir='ltr'>ra-</span> 
     </span>
     <span class='ocr_line' id='line_1_21' title="bbox 363 2332 1971 2405; baseline 0.002 -15"><span class='ocrx_word' id='word_1_138' title='bbox 363 2332 485 2390; x_wconf 83' lang='lat' dir='ltr'>dice</span> <span class='ocrx_word' id='word_1_139' title='bbox 545 2334 668 2391; x_wconf 81' lang='lat' dir='ltr'>eius</span> <span class='ocrx_word' id='word_1_140' title='bbox 724 2332 987 2391; x_wconf 79' lang='lat' dir='ltr'>ascendet</span> <span class='ocrx_word' id='word_1_141' title='bbox 1036 2332 1143 2390; x_wconf 77' lang='lat' dir='ltr'>etc.</span> <span class='ocrx_word' id='word_1_142' title='bbox 1195 2332 1304 2391; x_wconf 83' lang='lat' dir='ltr'>Eia</span> <span class='ocrx_word' id='word_1_143' title='bbox 1354 2349 1523 2405; x_wconf 87' lang='lat' dir='ltr'>quam</span> <span class='ocrx_word' id='word_1_144' title='bbox 1582 2332 1818 2405; x_wconf 88' lang='lat' dir='ltr'>pulcher</span> <span class='ocrx_word' id='word_1_145' title='bbox 1873 2332 1971 2393; x_wconf 86' lang='lat' dir='ltr'>hic</span> 
     </span>
     <span class='ocr_line' id='line_1_22' title="bbox 363 2422 1970 2504; baseline 0.002 -17"><span class='ocrx_word' id='word_1_146' title='bbox 363 2428 467 2488; x_wconf 89' lang='lat' dir='ltr'>flos</span> <span class='ocrx_word' id='word_1_147' title='bbox 509 2447 770 2503; x_wconf 87' lang='lat' dir='ltr'>egressus</span> <span class='ocrx_word' id='word_1_148' title='bbox 811 2422 906 2488; x_wconf 74' lang='lat' dir='ltr'>est&#39;</span> <span class='ocrx_word' id='word_1_149' title='bbox 942 2431 1061 2489; x_wconf 89' lang='lat' dir='ltr'>sine</span> <span class='ocrx_word' id='word_1_150' title='bbox 1104 2431 1330 2502; x_wconf 76' lang='lat' dir='ltr'>peccato</span> <span class='ocrx_word' id='word_1_151' title='bbox 1371 2431 1650 2490; x_wconf 89' lang='lat' dir='ltr'>nascendo</span> <span class='ocrx_word' id='word_1_152' title='bbox 1692 2431 1752 2488; x_wconf 74' lang='lat' dir='ltr'>et</span> <span class='ocrx_word' id='word_1_153' title='bbox 1792 2448 1970 2504; x_wconf 86' lang='lat' dir='ltr'>quam</span> 
     </span>
     <span class='ocr_line' id='line_1_23' title="bbox 362 2528 1967 2602; baseline 0.002 -17"><span class='ocrx_word' id='word_1_154' title='bbox 362 2528 563 2587; x_wconf 90' lang='lat' dir='ltr'>misere</span> <span class='ocrx_word' id='word_1_155' title='bbox 625 2529 906 2587; x_wconf 78' lang='lat' dir='ltr'>contritus</span> <span class='ocrx_word' id='word_1_156' title='bbox 966 2529 1054 2587; x_wconf 77' lang='lat' dir='ltr'>est</span> <span class='ocrx_word' id='word_1_157' title='bbox 1108 2530 1269 2602; x_wconf 89' lang='lat' dir='ltr'>quasi</span> <span class='ocrx_word' id='word_1_158' title='bbox 1333 2529 1592 2602; x_wconf 73' lang='lat' dir='ltr'>peccator</span> <span class='ocrx_word' id='word_1_159' title='bbox 1655 2530 1967 2599; x_wconf 88' lang='lat' dir='ltr'>moriendo,</span> 
     </span>
    </p>
   </div>
   <div class='ocr_carea' id='block_1_3' title="bbox 363 2683 680 2691">
    <p class='ocr_par' dir='ltr' id='par_1_4' title="bbox 363 2683 680 2691">
     <span class='ocr_line' id='line_1_24' title="bbox 363 2683 680 2691; baseline 0 790"><span class='ocrx_word' id='word_1_160' title='bbox 363 2683 680 2691; x_wconf 95' lang='lat' dir='ltr'> </span> 
     </span>
    </p>
   </div>
   <div class='ocr_carea' id='block_1_4' title="bbox 485 2777 1200 2916">
    <p class='ocr_par' dir='ltr' id='par_1_5' title="bbox 485 2777 1200 2916">
     <span class='ocr_line' id='line_1_25' title="bbox 490 2777 1200 2837; baseline 0.001 -13"><span class='ocrx_word' id='word_1_161' title='bbox 490 2779 534 2837; x_wconf 89' lang='lat'>1)</span> <span class='ocrx_word' id='word_1_162' title='bbox 569 2778 786 2836; x_wconf 65' lang='lat' dir='ltr'>Egbert„</span> <span class='ocrx_word' id='word_1_163' title='bbox 822 2778 910 2825; x_wconf 84' lang='lat' dir='ltr'>loc.</span> <span class='ocrx_word' id='word_1_164' title='bbox 946 2777 1031 2825; x_wconf 80' lang='lat' dir='ltr'>cit.</span> <span class='ocrx_word' id='word_1_165' title='bbox 1068 2791 1117 2825; x_wconf 90' lang='lat' dir='ltr'>n.</span> <span class='ocrx_word' id='word_1_166' title='bbox 1153 2777 1200 2825; x_wconf 86' lang='lat'>4.</span> 
     </span>
     <span class='ocr_line' id='line_1_26' title="bbox 485 2858 899 2916; baseline 0 -12"><span class='ocrx_word' id='word_1_167' title='bbox 485 2859 534 2916; x_wconf 83' lang='lat'>2)</span> <span class='ocrx_word' id='word_1_168' title='bbox 571 2858 709 2905; x_wconf 81' lang='lat' dir='ltr'>Cant.</span> <span class='ocrx_word' id='word_1_169' title='bbox 745 2859 793 2916; x_wconf 85' lang='lat'>5,</span> <span class='ocrx_word' id='word_1_170' title='bbox 825 2858 899 2904; x_wconf 87' lang='lat'>13.</span> 
     </span>
    </p>
   </div>
   <div class='ocr_carea' id='block_1_5' title="bbox 90 2937 880 3027">
    <p class='ocr_par' dir='ltr' id='par_1_6' title="bbox 90 2932 880 3027">
     <span class='ocr_line' id='line_1_27' title="bbox 90 2937 880 3027; baseline 0 -43"><span class='ocrx_word' id='word_1_171' title='bbox 90 2950 219 3025; x_wconf 54' lang='lat' dir='ltr'>&#39;p</span> <span class='ocrx_word' id='word_1_172' title='bbox 330 2958 457 3027; x_wconf 42' lang='grc' dir='ltr'>Ἢ</span> <span class='ocrx_word' id='word_1_173' title='bbox 485 2938 533 2997; x_wconf 83' lang='grc'>3)</span> <span class='ocrx_word' id='word_1_174' title='bbox 568 2937 680 2983; x_wconf 75' lang='lat' dir='ltr'>lsai.</span> <span class='ocrx_word' id='word_1_175' title='bbox 721 2938 797 2996; x_wconf 93' lang='lat'>11,</span> <span class='ocrx_word' id='word_1_176' title='bbox 839 2938 880 2984; x_wconf 91' lang='lat'>1.</span> 
     </span>
    </p>
   </div>
   <div class='ocr_carea' id='block_1_6' title="bbox 474 3132 766 3372">
    <p class='ocr_par' dir='ltr' id='par_1_7' title="bbox 474 3132 766 3372">
     <span class='ocr_line' id='line_1_28' title="bbox 474 3132 766 3372; baseline 0 109"><span class='ocrx_word' id='word_1_177' title='bbox 474 3132 766 3372; x_wconf 95' lang='lat' dir='ltr'> </span> 
     </span>
    </p>
   </div>
  </div>
 </body>
</html>
