2237 3481
884 287 1192 330 PROLOGUS.
1803 271 1838 328 5

244 480 340 538 Ait
362 478 452 555 (1)
509 481 657 538 enim
721 481 828 538 sic:
883 502 912 531 α
939 479 1069 538 Non
1112 479 1202 537 est
1243 479 1389 551 quod
1450 496 1536 537 me
1600 478 1840 537 delectet

242 579 438 653 magiS,
482 595 595 637 non
637 579 726 636 est
767 578 915 651 quod
956 577 1172 636 terreat
1201 579 1403 651 magis,
1434 594 1600 650 quam
1632 577 1698 635 de
1725 578 1841 650 glo·

240 679 323 735 ria
362 678 622 750 Virginis
666 677 866 734 matris
909 675 1115 734 habere
1159 692 1470 734 sermonem
1500 699 1558 732 ».
1599 675 1677 732 Et
1716 693 1842 733 cau·

242 794 357 834 sam
400 776 571 834 huius
614 775 979 849 subiungenS,
1022 776 1132 832 ait:
1189 797 1217 826 ‹<
1245 775 1427 833 Tanto
1470 792 1593 832 eam
1634 774 1840 832 affectu

239 875 550 933 devotionis
592 873 1035 946 amplectuntur,
1077 872 1379 942 honorant,
1410 872 1744 946 suscipiunt,
1775 871 1843 930 ut

240 973 470 1046 dignum
500 973 605 1042 est,
635 974 904 1041 universi,
935 973 1019 1041 ut,
1048 972 1183 1029 licet
1210 972 1276 1030 de
1306 989 1370 1029 ea
1398 973 1552 1045 loqui
1586 970 1841 1044 gestiant

240 1088 448 1141 omneS,
491 1071 680 1129 tamen
739 1071 1007 1144 quidquid
1071 1071 1277 1128 dicitur
1340 1071 1407 1128 de
1447 1070 1734 1140 indicibili,
1777 1085 1840 1128 eo

232 1172 377 1242 ipso,
421 1170 569 1243 quod
611 1170 715 1227 dici
762 1170 1028 1242 potuerit,
1074 1170 1261 1226 minus
1316 1169 1547 1241 gratum
1581 1169 1698 1253 fist,
1742 1168 1840 1224 mi·

237 1285 345 1326 nus
388 1268 630 1341 placeat,
674 1269 861 1325 minus
890 1267 1217 1339 acceptetur
1244 1290 1297 1324 >›.
1332 1265 1616 1325 Hortatur
1645 1265 1855 1323 tamen

235 1367 296 1425 et
333 1366 659 1424 consolatur
705 1383 792 1424 me
835 1365 1036 1423 beatus
1079 1366 1458 1438 Hieronymus
1482 1363 1571 1439 (2)
1617 1364 1837 1422 dicens:

248 1488 278 1516 α
305 1464 433 1522 Etsi
476 1465 548 1522 ad
588 1464 692 1523 hoc
733 1480 895 1522 nemo
938 1464 1229 1521 invenitur
1269 1463 1519 1532 idoneae,
1562 1461 1712 1521 votis
1756 1462 1838 1519 ta-

190 1626 197 1631 ,
239 1581 365 1621 men
407 1563 668 1621 omnibus
708 1579 928 1621 cessare
989 1579 1103 1621 non
1165 1562 1330 1620 debet
1370 1560 1540 1619 etiam
1603 1559 1841 1633 quilibet

237 1661 499 1732 peccator
559 1679 594 1718 a
654 1661 918 1719 laudibus
945 1684 1005 1717 ».
1059 1660 1273 1718 Beatus
1334 1659 1503 1717 etiam
1566 1658 1837 1732 Augusti-

235 1778 346 1818 nus
372 1761 461 1836 (3)
505 1761 757 1834 loquenS,
788 1761 1059 1834 quomodo
1090 1761 1192 1817 Dei
1222 1760 1401 1817 Filius
1440 1781 1471 1811 «
1501 1759 1669 1816 matri
1699 1775 1833 1817 suae

236 1859 640 1918 fecunditatem
713 1859 983 1918 veniendo
1055 1859 1259 1916 attulit
1277 1867 1284 1878 ²
1320 1859 1378 1915 et
1450 1856 1839 1930 integritatem

229 1958 514 2016 nascendo
556 1975 667 2015 non
709 1957 1036 2025 abstulit»,
1081 1957 1211 2029 post
1254 1973 1431 2028 pauca
1496 1958 1575 2013 sic
1616 1956 1832 2024 in'tulit,

239 2057 460 2115 dicens:
513 2079 542 2107 α
570 2056 816 2114 Tantum
879 2057 1086 2129 quippe
1118 2056 1253 2113 'Dei
1314 2055 1521 2113 donum
1584 2072 1685 2112 nec
1724 2054 1835 2112 fari

231 2171 554 2227 possumne,
597 2156 860 2227 quoniam
904 2170 1100 2211 sumus
1162 2154 1233 2211 ad
1296 2153 1674 2211 enarrandum
1718 2153 1837 2210 eius

228 2252 680 2327 magnitudinem
725 2252 968 2326 parvuli,
1014 2253 1071 2310 et
1113 2253 1301 2309 tamen
1330 2251 1563 2309 laudare
1604 2251 1840 2323 compel-

228 2352 425 2420 limur,
468 2368 539 2409 ne
582 2351 816 2409 tacendo
859 2367 1187 2408 maneamus
1227 2349 1527 2422 ingrati».
1569 2348 1647 2406 Et
1686 2349 1836 2407 certe

225 2448 413 2506 vidua
461 2450 849 2522 paupercula,
912 2466 1055 2521 quae
1116 2450 1232 2507 duo
1295 2464 1439 2505 aera
1478 2448 1712 2505 minuta
1744 2447 1833 2522 (4)

315 2669 319 2672 Α
363 2637 408 2695 1)
445 2635 593 2681 Serm.
627 2634 674 2681 4.
711 2633 760 2681 in
793 2635 1003 2681 Assumt.
1039 2635 1094 2680 B.
1133 2634 1190 2679 V.
1227 2633 1292 2680 M.
1328 2647 1377 2681 n.
1412 2634 1459 2679 5.
1486 2659 1547 2667 -
1580 2633 1731 2691 Supra
1753 2646 1836 2691 pro

224 2720 519 2763 coarctetur
549 2715 591 2762 A
622 2715 743 2774 legit
778 2720 1016 2763 terretur.

357 2797 408 2855 2)
445 2797 553 2843 Loc.
589 2796 674 2844 cit.
711 2811 759 2843 n.
796 2798 843 2844 6.

359 2877 408 2938 3)
444 2876 590 2923 Serm.
625 2877 735 2923 215.
775 2877 916 2936 (alias
955 2877 1027 2924 16.
1063 2890 1122 2924 ex
1156 2876 1456 2935 Vignerian.)
1493 2890 1543 2924 n.
1580 2876 1625 2922 3.

359 2956 409 3016 4)
444 2958 556 3004 Luc.
590 2958 671 3016 21,
705 2958 754 3005 2.
