2237 3481
126 2953 335 3064 ἋΨ

342 3067 347 3078 k

358 3097 367 3120 ,

381 219 458 278 14
888 236 1179 278 SPECULUM
1221 237 1271 277 B.
1315 237 1377 277 M.
1420 236 1474 278 v.

380 432 656 489 malorum
701 431 838 489 sunt
879 429 1189 502 profundae
1232 430 1485 488 sentinae
1528 430 1874 488 diabolorum
1920 431 1979 488 et

380 528 660 609 profunda
684 528 986 602 sepulchra
1015 529 1184 600 plena
1212 528 1519 587 foetoribus
1546 530 1831 587 vitiorum.
1858 529 1979 588 Vae

380 644 514 700 ergo
557 629 654 696 eiS‚
698 628 766 685 ut
804 628 1010 685 dieitur
1053 627 1330 686 Matthaei
1361 629 1629 700 vigesimo
1658 628 1827 686 tertio
1852 626 1976 702 (1):

393 725 509 785 Vae
535 725 716 797 vobis,
744 725 968 783 scribae
1003 727 1057 782 et
1089 725 1416 797 pharisaei,
1448 725 1806 798 hypocritae,
1836 727 1980 798 quia

378 824 599 882 similes
640 824 776 882 estis
817 823 1142 896 sepulchris
1183 822 1489 895 dealbatis,
1541 840 1690 895 quae
1732 841 1771 880 a
1829 821 1980 905 foris

380 923 673 994 apparent
710 921 1044 979 hominibus
1082 922 1359 994 speciosa,
1388 922 1554 980 intus
1582 925 1774 979 autem
1794 921 1979 993 plena

378 1021 520 1077 sunt
559 1020 787 1078 ossibus
825 1021 1196 1077 mortuorum
1256 1021 1312 1076 et
1370 1014 1528 1077 omni
1582 1020 1889 1092 spurcitia.
1933 1019 1981 1078 O

380 1135 547 1190 quam
592 1118 760 1191 longe
801 1118 873 1175 ab
915 1117 1026 1176 isto
1068 1135 1172 1175 vae
1201 1117 1310 1175 fuit
1337 1119 1858 1176 innocentissimum
1886 1135 1981 1177 cor

380 1217 612 1285 Mariae,
658 1217 802 1274 teste
844 1217 1008 1276 beato
1049 1217 1339 1275 Bernardo
1365 1217 1474 1290 (2),
1505 1218 1600 1289 qui
1643 1218 1753 1274 ait:
1795 1239 1823 1268 α
1847 1216 1982 1275 Pro-

383 1316 569 1387 prium
610 1316 792 1372 Maria
834 1314 1102 1373 delictum
1144 1331 1257 1373 non
1307 1313 1527 1383 habuit,
1569 1315 1628 1372 et
1651 1314 1739 1390 (3)
1783 1315 1855 1373 ab
1896 1317 1977 1373 in-

380 1413 777 1472 nocentissimo
819 1414 980 1472 corde
1021 1415 1142 1472 eius
1203 1413 1371 1471 etiam
1425 1413 1772 1486 poenitentia
1814 1413 1982 1487 longe

380 1512 490 1569 fuit
516 1535 574 1569 ».
616 1512 775 1570 Unde
817 1513 962 1571 enim
1020 1528 1114 1570 cor
1171 1512 1384 1570 Mariae
1441 1512 1725 1584 poenitere
1767 1512 1980 1581 debuit,

380 1627 503 1668 cum
549 1628 838 1684 nunquam
881 1611 1093 1684 aliquid
1146 1611 1377 1684 dignum
1422 1612 1769 1682 poenitentia
1809 1612 1981 1669 admi-

383 1709 500 1768 sit?
540 1709 783 1784 Ideoque
826 1710 1255 1768 mundissimum
1297 1726 1391 1769 cor
1432 1710 1551 1767 eius
1579 1725 1689 1768 non
1721 1709 1830 1768 fuit
1860 1727 1982 1768 sen-

382 1810 506 1866 tina
547 1810 771 1879 diaboli,
815 1826 927 1868 non
956 1810 1067 1867 fuit
1116 1810 1436 1882 sepulcrum
1468 1810 1609 1878 vitii,
1651 1810 1820 1867 immo
1870 1808 1981 1867 fnit

380 1906 584 1966 hortus
626 1908 683 1965 et
726 1907 1024 1979 paradisus
1076 1907 1325 1980 Spiritus
1388 1909 1588 1975 saneti,
1632 1907 1790 1965 iuxta
1832 1907 1976 1965 illud

383 2005 741 2064 Cantieorum
785 2006 988 2078 quarto
1012 2006 1133 2080 (4):
1179 2006 1411 2063 Hortus
1450 2006 1775 2078 conclusus,
1810 2022 1983 2063 soror

379 2120 508 2161 mea
561 2120 797 2177 sponsa,
861 2104 1066 2162 hortus
1129 2104 1464 2174 conclusus,·
1516 2126 1544 2155 «
1572 2121 1719 2173 vere,
1775 2104 1843 2161 ut
1896 2106 1982 2161 ait

382 2203 763 2276 Hieronymus
787 2202 896 2276 (5),
940 2202 1143 2261 hortus
1205 2203 1547 2270 deliciarum,
1606 2204 1662 2259 in
1707 2220 1814 2275 quo
1857 2219 1981 2261 con-

382 2302 495 2359 sita
537 2302 674 2358 sunt
716 2301 980 2358 universa
1022 2302 1226 2360 florum
1267 2319 1477 2375 genera
1518 2301 1575 2359 et
1617 2301 1984 2378 odoramenta

381 2400 661 2458 virtutum
691 2424 748 2456 ».
794 2400 935 2469 Quia
976 2417 1108 2474 ergo
1152 2400 1334 2458 Maria
1387 2401 1505 2458 tam
1566 2401 1733 2474 longe
1795 2399 1905 2457 fuit
1948 2418 1983 2459 a

381 2499 564 2558 cordis
604 2516 725 2568 vae,
768 2500 888 2558 ideo
932 2500 1132 2558 merito
1174 2501 1223 2557 ei
1263 2500 1474 2557 dietum
1516 2499 1634 2557 est:
1677 2498 1819 2557 Ave.

511 2670 556 2729 1)
592 2670 725 2715 VerS.
762 2668 841 2715 27.

505 2750 556 2810 2)
592 2749 740 2796 Serm.
774 2750 824 2795 2.
859 2748 909 2795 in
942 2749 1155 2796 Assumt.
1192 2749 1248 2794 Β.
1284 2749 1341 2794 V.
1378 2748 1441 2795 M.
1479 2762 1527 2795 n.
1565 2749 1610 2795 8.

509 2831 556 2891 3)
592 2828 752 2876 Editio
792 2828 914 2887 legit
944 2830 1288 2876 nihilominus.

506 2911 554 2970 4)
592 2912 724 2957 Vers,
766 2911 838 2958 12.
1178 2934 1185 2942 ·
1447 2910 1497 2970 5)
1533 2909 1687 2969 Epist.
1723 2910 1807 2958 eit.
1845 2925 1893 2957 n.
1931 2911 1979 2958 9.
