2237 3481
358 227 435 290 28
866 246 1158 292 specuum
1198 245 1249 294 Β.
1293 248 1356 291 M.
1398 247 1455 294 v.

1850 349 1960 362 α-α

357 437 547 515 ipsius
602 443 865 500 animam
921 443 1161 517 yladius
1212 444 1604 514 pertransivit
1632 441 1741 517 (1).
1798 441 1961 500 Unde

356 541 483 612 ipsa
525 541 662 599 bene
719 542 905 613 potuit
965 542 1145 599 dicere
1206 542 1347 598 illud
1407 541 1563 599 Ruth
1620 542 1800 613 primo
1832 541 1955 615 (2):

357 638 499 697 Non
537 641 745 698 vocetis
783 656 874 697 me
916 641 985 700 N
983 641 1149 713 cerni,
1184 639 1247 696 id
1270 642 1355 698 est
1368 639 1708 712 pulchram,
1738 638 1838 696 sed
1860 656 1961 696 vo-

354 739 478 795 cate
516 754 605 795 me
646 738 855 812 Mara,
897 739 962 796 id
1014 741 1100 797 est
1154 755 1441 810 amaram,
1484 738 1623 811 quia
1674 737 1959 795 amaritu-

356 835 489 893 dine
528 837 696 896 valde
737 836 977 908 replevit
1014 853 1103 894 me
1153 835 1545 909 Omnipotens.
1588 835 1803 894 Amara
1843 834 1956 893 fuit

354 935 572 1004 Noemi,
614 937 746 1008 quia
786 935 895 994 duo
937 935 1040 993 filii
1082 937 1203 994 eius
1231 935 1463 993 fuerunt
1504 935 1730 994 mortui.
1758 934 1964 993 Noemi

355 1033 591 1105 pulchra
619 1033 676 1091 et
703 1051 899 1092 amara
921 1034 1113 1107 signat
1136 1034 1392 1102 Mariam,
1417 1032 1711 1106 pulchram
1733 1033 1959 1106 quidem

356 1149 455 1204 per
494 1133 740 1204 Spiritus
782 1133 962 1191 sancti
992 1132 1511 1201 sanctificationem,
1541 1149 1793 1190 amaram
1822 1148 1958 1190 vero

356 1247 455 1302 per
495 1230 627 1289 Filii
668 1232 754 1289 sui
797 1233 1132 1304 passionem.
1182 1232 1307 1290 Duo
1347 1231 1534 1289 autem
1587 1230 1691 1289 filii
1743 1230 1961 1288 Mariae

356 1329 508 1398 sunt,
552 1330 763 1388 scilicet
810 1329 1158 1389 homo-Deus
1214 1330 1271 1388 et
1309 1329 1499 1388 homo·
1538 1346 1733 1402 puruS,
1788 1330 1961 1387 unius

355 1429 502 1485 enim
542 1428 928 1501 corporaliter,
961 1429 1200 1487 alterius
1242 1427 1618 1501 spiritualiter
1658 1428 1840 1486 mater
1869 1427 1960 1486 est

354 1525 556 1584 Maria.
599 1526 759 1592 Unde
787 1527 988 1585 beatus
1014 1527 1341 1585 Bernardus
1358 1527 1447 1602 (3)
1474 1527 1583 1584 ait:
1617 1527 1745 1584 «Tu
1774 1526 1961 1584 mater

354 1624 543 1698 Regis,
587 1626 651 1683 tu
693 1625 875 1684 mater
916 1627 1143 1695 exsuliS,
1187 1627 1250 1683 tu
1293 1625 1476 1683 mater
1518 1625 1637 1694 Dei,
1679 1625 1744 1683 tu
1772 1624 1959 1683 mater

352 1722 580 1793 IudiciS‚
623 1724 681 1783 et
710 1724 774 1783 tu
816 1724 1000 1783 mater
1040 1725 1143 1783 Dei
1185 1724 1242 1783 et
1292 1723 1550 1794 hominiS‚
1606 1740 1732 1783 cum
1776 1723 1962 1782 mater

356 1824 435 1879 sis
477 1822 790 1896 utriusque,
833 1823 1166 1882 discordiam
1207 1823 1357 1881 inter
1398 1822 1546 1882 filios
1594 1822 1724 1881 tuos
1759 1823 1961 1895 nequis

355 1921 633 1979 sustinere
662 1945 720 1977 ».
769 1922 903 1980 Ideo
967 1922 1105 1980 bene
1147 1923 1466 1980 exclamans
1526 1922 1695 1979 etiam
1757 1921 1961 1979 beatus

355 2020 660 2077 Anselmus
691 2020 780 2095 (4)
824 2020 936 2077 ait:
1010 2043 1039 2071 «
1067 2019 1113 2079 Ο
1175 2020 1340 2078 beata
1390 2019 1611 2088 fiducia,
1674 2035 1706 2078 o
1765 2019 1959 2078 tutum

357 2117 666 2191 refugium!
709 2118 893 2176 Mater
922 2118 1021 2176 Dei
1051 2119 1140 2176 est
1168 2118 1348 2177 mater
1389 2118 1586 2177 nostra
1607 2141 1661 2176 ».
1707 2118 1819 2177 Isti
1848 2118 1961 2178 duo

354 2216 458 2274 filii
500 2216 712 2274 Mariae
773 2216 937 2275 ambo
991 2217 1200 2275 mortui
1264 2216 1495 2274 fuerunt
1547 2218 1610 2274 in‘
1664 2218 1959 2288 passione:

355 2331 503 2372 unus
542 2330 790 2386 corpore,
833 2314 982 2372 alter
1041 2315 1259 2384 mente3
1308 2332 1457 2372 unus
1511 2316 1691 2373 crucis
1744 2314 1963 2372 acerbi-

354 2411 492 2481 tate,
553 2412 702 2471 alter
765 2413 969 2471 mentis
1025 2412 1379 2471 infidelitate.
1421 2413 1498 2471 Et
1558 2413 1679 2471 ideo
1741 2414 1963 2472 viscera

485 2599 530 2660 1)
566 2599 677 2646 Luc.
713 2597 762 2658 2,
799 2597 875 2645 35.

477 2679 528 2739 2)
563 2678 700 2725 VerS.
734 2678 821 2733 203
857 2677 974 2725 ibid.
1010 2692 1056 2727 v·
1092 2679 1140 2725 5.
1177 2680 1401 2725 narratur
1433 2693 1559 2727 mors
1590 2677 1808 2726 filiorum.

483 2760 529 2819 3)
566 2758 730 2805 Potius
761 2758 926 2805 Adam.
964 2760 1177 2818 Persem,
1212 2759 1431 2818 Mariam,
1465 2773 1603 2807 serm.
1645 2760 1687 2806 1.
1724 2761 1839 2807 ante
1866 2774 1961 2807 me-

364 2839 508 2888 dium.

210 2893 215 2900 ⁸
262 2915 275 2924 “
330 2947 335 2952 -
386 2955 405 2998 3
466 2920 528 2983 ⁷4)
564 2920 698 2970 Orat.
731 2919 810 2968 52.
848 2919 990 2985 (alias
1021 2920 1125 2985 51.)
1159 2922 1267 2983 post
1297 2920 1513 2971 medium.
