2237 3481
892 284 1091 327 Lno'mo
1134 284 1234 325 111.
1743 268 1858 326 173

254 476 414 535 iuxta
475 477 617 534 illud
679 475 784 534 Iob
846 475 1056 534 decimo
1097 474 1301 548 quarto
1332 474 1454 549 (1):
1525 475 1711 551 Quasi
1751 476 1860 546 flos

253 575 552 648 eyreditur
600 576 656 631 et
716 573 1075 632 conteritur!
1136 571 1182 631 O
1243 585 1411 646 quam
1473 574 1744 631 candidus
1798 576 1855 631 in

253 673 574 745 egressione
616 672 674 729 et
715 688 883 744 quam
915 671 1259 729 rubicundus
1286 673 1345 729 in
1386 671 1721 731 contritione
1750 672 1860 730 fuit

251 770 356 829 flos
398 771 535 829 iste!
581 771 733 838 Flos,
777 772 1026 843 inquam,
1070 772 1291 844 augelis
1332 770 1697 840 delectabiliS,
1753 770 1857 830 flos

250 869 577 928 hominibus
605 869 678 926 ad
706 869 885 927 vitam
915 869 1208 941 perutilis3
1241 868 1387 927 unde
1417 869 1740 927 Bernartius
1765 868 1853 943 (2)

248 967 363 1025 ait:
418 989 447 1018 α
477 967 611 1026 Flos
654 966 747 1025 est
787 967 967 1025 Filius
1008 967 1282 1039 Virginis,
1325 967 1429 1025 flos
1478 967 1762 1026 candidus
1802 970 1857 1025 et

165 1106 170 1111 -
247 1065 636 1139 rubicundus,
665 1065 877 1123 electus
905 1081 972 1122 ex
997 1064 1263 1124 millibus
1293 1064 1402 1140 (3),
1433 1065 1555 1133 flos,
1599 1067 1663 1122 in
1690 1082 1856 1137 quem

247 1163 581 1223 desiderant
641 1163 841 1238 anyeli
871 1163 1209 1236 prospicere
1238 1163 1347 1238 (4),
1411 1163 1514 1223 flos
1569 1164 1640 1221 ad
1695 1166 1854 1222 ouius

244 1263 474 1322 odorem
516 1261 867 1320 reviviscunt
930 1262 1139 1320 mortui
1167 1284 1224 1321 ».
1280 1261 1438 1319 Felix
1489 1263 1653 1331 silva,
1710 1279 1852 1334 quae

242 1359 515 1435 produxit
554 1360 725 1418 huius
765 1359 922 1419 floris
963 1361 1217 1433 virgam!
1261 1360 1419 1418 Felix
1459 1362 1642 1433 magis
1669 1362 1850 1433 virga,

241 1476 387 1533 quae
429 1457 699 1531 produxit
737 1458 888 1516 huno
929 1457 1122 1516 florem
1166 1459 1223 1514 iu
1268 1459 1442 1516 silva!
1488 1458 1646 1516 Felix
1682 1475 1852 1530 super

240 1559 433 1618 omnia
477 1556 601 1625 flos,
645 1557 765 1614 sine
820 1573 929 1629 quo
982 1573 1084 1614 nec
1140 1558 1304 1630 virga
1354 1574 1456 1615 neo
1509 1558 1656 1616 silva
1717 1557 1850 1616 felix

238 1669 364 1711 esse
408 1651 632 1723 potest!
676 1650 821 1709 Vere
864 1649 1221 1708 felicissimus
1263 1649 1385 1718 floS,
1427 1652 1484 1708 in
1527 1667 1636 1723 quo
1676 1652 1850 1723 spira·-

239 1755 335 1810 tus
378 1750 630 1809 Domini
667 1751 756 1808 sic
794 1750 1077 1822 requievit
1098 1749 1209 1824 (5),
1252 1749 1318 1807 ut
1346 1750 1464 1807 sine
1487 1751 1611 1821 ipso
1653 1751 1847 1809 nullus

235 1848 490 1923 Spiritus
553 1848 736 1906 sancti
790 1848 1036 1921 gratiam
1101 1847 1308 1905 habere
1368 1847 1578 1919 possit!
1655 1849 1847 1906 Testa-

235 1947 335 2005 tur
406 1946 513 2005 hoc
579 1945 782 2003 beatus
823 1946 1202 2018 Hieronymus
1246 1944 1355 2019 (6),
1401 1945 1618 2003 dicens:
1672 1969 1701 1997 «
1729 1946 1847 2018 Spi-

233 2046 387 2104 ritus
450 2045 701 2113 sanctuS,
745 2047 840 2118 qui
883 2046 941 2102 in
999 2061 1207 2117 magna
1262 2045 1407 2102 silva
1461 2044 1694 2102 humani
1754 2063 1844 2118 ge·

228 2145 388 2202 neris
464 2145 710 2217 requiem
788 2159 899 2201 non
977 2143 1299 2212 invenerat,
1370 2142 1596 2200 tandem
1674 2160 1844 2215 super

228 2243 386 2301 hunc
429 2241 623 2301 florem
680 2242 973 2315 requievit,
1015 2241 1098 2299 ita
1153 2242 1300 2314 quod
1355 2241 1564 2314 absque
1617 2241 1842 2302 Christo

228 2358 336 2399 nec
378 2342 608 2413 sapiens
650 2341 777 2414 quis
819 2357 941 2397 esse
984 2339 1174 2412 potest
1214 2358 1314 2399 nee
1374 2339 1700 2413 intelligens
1741 2357 1842 2399 nec

227 2440 596 2499 consiliarius
638 2455 739 2496 nec
780 2437 946 2496 fortis
987 2455 1088 2496 nec
1131 2439 1386 2497 eruditus
1427 2444 1529 2497 nec
1571 2441 1698 2512 pius
1738 2456 1839 2498 nec

223 2539 438 2611 plenus
481 2537 703 2596 timoris
745 2535 1054 2595 Domini».
1097 2537 1205 2595 Hic
1246 2537 1367 2611 floS,
1412 2539 1574 2611 quasi
1614 2538 1703 2597 tot
1742 2538 1840 2597 ha-

363 2705 408 2764 1)
447 2705 581 2751 Vere.
616 2704 663 2751 2.
1133 2742 1140 2751 .

354 2786 405 2845 2)
442 2784 592 2831 Serm.
629 2785 676 2832 2.
713 2787 769 2832 de
801 2786 1018 2833 Adventu
1053 2787 1182 2834 Dom.
1221 2801 1269 2833 n.
1304 2787 1352 2833 4.

355 2866 404 2925 3)
442 2865 581 2913 Cant.
616 2867 664 2925 5,
698 2867 771 2914 10.
1345 2869 1395 2929 4)
1429 2870 1467 2916 1.
1505 2870 1633 2917 Petr.
1674 2868 1716 2927 1,
1758 2870 1831 2917 12.

352 2946 403 3005 5)
439 2946 553 2994 lsai.
594 2946 669 3006 11,
703 2946 750 2993 2.
1185 2951 1233 3010 6)
1269 2950 1348 2996 lv.
1385 2948 1434 3000 in
1466 2949 1578 2997 lsai.
1615 2963 1717 3010 cap.
1758 2950 1830 2998 11.
