2237 3481
104 2916 283 3007 ῆι.

295 3106 503 3376 ε

407 245 521 304 128
913 263 1205 305 SPECULUM
1248 264 1300 306 B.
1344 265 1407 304 M.
1451 264 1508 306 v.

402 459 533 513 erat
570 457 637 513 in
678 456 948 514 omnibus
987 453 1403 527 famosissima,
1451 456 1733 527 quoniam
1776 456 2024 513 timebat

401 555 728 612 Dominum
768 554 955 626 valde,
996 570 1102 610 nec
1142 557 1271 611 erat
1299 555 1404 625 qm·
1432 554 1499 611 de
1525 554 1640 611 illa
1670 553 2014 625 loqueretur

400 653 632 710 verbum
674 651 917 709 malum.
960 652 1202 710 Famosa
1243 652 1466 724 quidem
1509 651 1597 709 est
1647 652 1833 709 Maria
1889 669 2020 725 pro-

405 750 531 822 pter
573 750 818 808 virtutes
859 750 917 808 et
959 750 1215 822 exempla
1257 767 1361 807 sua
1402 752 1523 807 tam
1565 750 1897 818 laudabilia,
1929 750 2020 808 fa-

401 849 608 907 mosior
649 847 837 905 autem
883 848 1118 920 propter
1160 848 1572 907 misericordias
1629 848 1687 905 et
1741 847 2019 906 beneficia

399 963 503 1003 sua
544 946 662 1003 tam
706 945 1128 1014 inenarrabilia,
1174 945 1550 1003 famosissima
1599 962 1732 1003 vero
1776 947 2018 1018 propter

396 1046 617 1117 gratias
680 1045 738 1102 et
800 1043 1097 1116 privilegia
1162 1061 1265 1101 sua
1327 1044 1444 1101 tam
1510 1044 1811 1101 mirabilia.
1864 1043 2013 1113 Quid

401 1144 549 1200 enim
591 1142 927 1210 mirabiliuS,
970 1158 1141 1215 quam
1183 1132 1303 1200 esse
1348 1142 1587 1204 matrem
1631 1142 1689 1199 et
1731 1142 2016 1214 virginem

401 1242 458 1297 et
501 1258 622 1299 esse
665 1241 767 1298 Dei
810 1240 1094 1297 matrem?
1121 1221 1279 1309 “Quid
1320 1240 1511 1298 autem
1557 1241 1778 1307 mirum,
1811 1242 1857 1297 si
1890 1241 2018 1298 Ma-

397 1341 483 1397 ria
527 1340 593 1397 de
636 1339 816 1397 tantis
844 1339 1095 1396 millibus
1125 1339 1534 1397 misericordiae
1563 1355 1697 1396 suae
1728 1338 2017 1402 beneficiis

398 1438 615 1497 famosa
656 1437 744 1495 est
784 1439 840 1494 in
889 1437 1112 1504 mundo,
1158 1453 1300 1508 quae
1345 1437 1461 1493 tam
1511 1436 1729 1494 famosa
1792 1436 1883 1494 est
1943 1437 2015 1495 de

396 1539 558 1595 unico
600 1517 865 1593 beneficio
910 1551 1010 1593 suo
1066 1536 1215 1592 circa
1279 1534 1652 1606 Theophilum
1719 1535 2017 1594 exhibito?

396 1636 498 1693 Ait
541 1634 741 1692 beatus
781 1634 1107 1691 Bernartius
1139 1631 1260 1708 (l):
1316 1655 1344 1684 «
1375 1634 1678 1690 Famosum
1723 1632 1856 1691 tuae
1921 1634 2016 1691 be·

395 1733 700 1807 nignitatis
761 1732 1149 1791 iestimonium
1212 1732 1300 1789 est
1364 1749 1463 1804 per
1526 1732 1582 1790 te
1645 1731 2015 1790 restauratus

396 1832 761 1903 Theophilus,
806 1848 836 1890 o
879 1831 1061 1888 Maria
1089 1854 1146 1887 ».
1192 1831 1467 1890 Dominus
1509 1848 1643 1903 ergo
1687 1830 1892 1901 tecum,
1930 1831 2014 1889 fa-

395 1931 713 1988 mosissima
755 1945 786 1987 o
828 1929 1028 1986 Maria.

555 2027 747 2084 Gaude
809 2043 976 2096 nunc,
1036 2043 1067 2085 o
1125 2026 1307 2084 Maria
1369 2026 1766 2095 famosissima,
1822 2027 2015 2099 gaude

392 2142 560 2195 nunc,
602 2126 803 2193 Maria,
831 2125 1032 2198 gaude.
1074 2124 1232 2194 Ecce,
1280 2125 1553 2183 Dominus
1574 2126 1888 2197 piissimus
1923 2127 2016 2184 sic

394 2227 704 2297 esttecum,
725 2224 872 2297 quod
896 2222 958 2280 tu
981 2240 1040 2281 es
1064 2225 1317 2296 piissima
1341 2240 1554 2294 secum3
1581 2225 1857 2283 Dominus
1877 2224 2014 2295 fide-

396 2322 656 2380 lissimus
700 2324 779 2380 sio
821 2322 908 2379 est
951 2323 1155 2389 tecum,
1185 2322 1332 2396 quod
1376 2322 1441 2379 tu
1469 2340 1527 2380 es
1558 2322 1891 2380 fidelissima
1920 2340 2015 2380 se-

394 2437 554 2490 cum3
598 2421 874 2479 Dominus
916 2421 1277 2479 iustissimus
1334 2422 1411 2478 sic
1462 2423 1551 2478 est
1609 2421 1813 2488 tecum,
1859 2423 2013 2495 quod

393 2520 458 2577 tu
499 2537 558 2576 es
607 2520 922 2577 iustissima
977 2537 1195 2590 secum3
1240 2520 1516 2577 Dominus
1569 2518 2015 2590 famosissimus

394 2619 474 2676 sio
515 2618 850 2686 esttecum,
894 2618 1041 2691 quod
1104 2619 1167 2675 tu
1232 2635 1292 2676 es
1353 2618 1732 2676 famosissima
1798 2636 2013 2677 seeum.

392 2716 498 2774 Eia
541 2733 693 2790 ergo,
729 2717 1008 2788 piissima
1048 2717 1250 2786 Maria,
1287 2732 1397 2775 nos
1437 2718 1641 2789 impios
1685 2719 1850 2775 salva
1907 2736 2013 2791 per

641 2853 714 2860 —.

521 2930 565 2988 1)
603 2928 766 2976 Potius
798 2927 997 2987 Egbert,
1032 2929 1123 2975 loc.
1159 2927 1245 2976 cit.
1282 2943 1331 2976 n.
1366 2929 1413 2976 2.
