2237 3481
903 267 1235 310 PRAEFATIO.
1774 267 1879 309 XIII

269 460 482 527 decim
504 457 763 545 fratres
791 479 922 525 imo
953 467 1151 544 patre
1176 457 1388 545 yeniti
1415 477 1673 523 sumus,
1706 459 1879 523 Duo-

269 567 482 635 decim
527 565 783 654 fratres
828 574 987 632 sum
1033 565 1383 633 duodecim
1431 564 1754 652 apostoli,·
1789 565 1878 630 ul-

270 675 500 741 timus:
535 673 764 740 Merito
797 671 958 740 haec
996 673 1331 759 patimur,
1373 673 1537 760 quia
1578 672 1880 757 peccavi-

267 801 425 848 mus
455 782 528 848 in
558 778 847 867 fratrem
895 788 1223 846 nostrum.
1271 781 1541 864 Quanta
1590 780 1878 846 adversa

266 888 611 956 ecclesiam
659 888 782 954 isto
831 895 1115 972 tempore
1161 895 1489 972 premam.

451 996 538 1061 De
587 994 908 1062 codicibus
954 1003 1016 1061 et
1063 994 1443 1061 editionibus
1491 994 1719 1060 borum
1754 1011 1879 1060 ser·

270 1120 529 1169 monum
588 1102 774 1186 plura
837 1102 956 1167 iarn
1005 1101 1172 1168 dicta
1235 1108 1383 1167 sunt
1444 1101 1504 1166 in
1565 1108 1734 1167 tomo
1782 1101 1875 1166 ΙΧ.

267 1209 549 1294 Operum
598 1198 880 1274 omnium
928 1210 986 1272 S.
1023 1208 1500 1275 Bonaventurae
1548 1226 1686 1293 pag.
1731 1207 1876 1273 ΧΠΙ.

267 1323 330 1382 et
377 1316 528 1381 XiV.

447 1423 510 1488 [ι.
559 1418 1156 1509 Quadragesimale;
1217 1421 1464 1507 primus
1510 1439 1722 1488 sermo
1784 1421 1876 1487 in-

265 1529 454 1614 cipit:
519 1530 616 1595 Tu
664 1536 910 1607 autem,
944 1548 1094 1594 cum
1140 1528 1426 1608 ieiunas,
1461 1549 1634 1615 unye
1674 1537 1878 1615 caput

268 1645 486 1714 tuum,
535 1636 753 1728 Matth5
802 1637 858 1701 6.
915 1636 990 1700 1η
1038 1632 1157 1701 hoc
1203 1635 1443 1702 ieiunii
1501 1635 1715 1722 capite
1768 1654 1877 1700 ne-

265 1743 637 1810 cessarium
669 1742 858 1809 ‘nobis
889 1752 1009 1819 est,-
1043 1743 1307 1810 ultimus
1333 1760 1512 1809 vero:
1542 1740 1875 1809 Baiulans

263 1850 400 1915 sibi
442 1869 705 1916 cru-cem
735 1850 939 1916 exivit
985 1850 1057 1915 in
1103 1869 1253 1915 eum
1285 1850 1405 1936 qui
1442 1849 1691 1915 dicitur
1729 1849 1875 1915 Cal-

264 1956 505 2023 variae
536 1956 786 2034 locum,·
810 1956 1037 2023 desinit
1063 1975 1249 2023 vero:
1276 1955 1632 2023 vulnerata
1657 1975 1873 2022 crura

258 2064 562 2149 pendent.

258 2247 261 2248 ⁷
447 2172 730 2238 Fortasse
780 2181 994 2237 nostro
1042 2171 1326 2237 Conrado
1373 2171 1558 2238 etiam
1617 2172 1873 2238 Sermo-

264 2297 383 2343 nes
430 2279 520 2343 ad
567 2276 909 2364 rcliyiosos
942 2278 1200 2343 attribui
1238 2285 1521 2362 possunt,
1556 2278 1663 2363 qui
1703 2279 1874 2344 inve-

265 2377 533 2450 niuntur
560 2384 622 2449 in
657 2384 868 2451 codice
901 2385 1153 2451 Senensi
1190 2402 1501 2470 anonymo
1534 2402 1694 2451 saec.
1724 2386 1871 2452 xlv,

264 2491 530 2569 ineunt.²
565 2509 711 2557 cum
746 2490 827 2556 ibi
880 2491 1236 2558 habeantur
1268 2492 1520 2558 insimul
1558 2509 1701 2558 cum
1737 2492 1874 2559 aliis

263 2597 343 2663 fr.
395 2597 658 2665 Conradi
709 2598 1109 2664 sermonibus
1171 2616 1410 2664 necnon
1478 2600 1743 2683 Speculo
1805 2599 1869 2664 B.

265 2705 342 2771 M.
394 2705 503 2783 V.;
552 2723 828 2791 quorum
878 2705 1126 2790 primus
1171 2705 1430 2790 incipit:
1487 2705 1728 2772 Omnia
1761 2704 1873 2772 lio-

263 2820 441 2877 ‘neste
486 2820 546 2877 et
588 2812 956 2877 secundum
1005 2812 1308 2880 ordinem
1353 2811 1525 2897 fiant
1556 2812 1625 2877 i‘n
1668 2811 1870 2891 vobis,

266 2917 333 2982 11.
384 2916 524 2983 Cor.
582 2920 682 2983 1‘2.
734 2917 842 2983 Ad
888 2915 1028 2996 hoc,
1078 2918 1442 2997 carissimi,
1484 2936 1599 2984 vos
1652 2919 1872 2985 Domi-
