2237 3481
396 234 471 294 10
902 253 1192 294 SPECULUM
1233 253 1284 294 B.
1327 253 1389 294 M.
1435 254 1487 297 v.

395 445 631 503 Domino
676 445 990 517 praesente,
1035 445 1272 503 Domino
1313 461 1497 502 secum
1545 445 1838 511 existente,
1876 445 1994 502 Ma-

392 545 478 600 ria
519 543 839 616 specialiter
880 542 1169 601 tutissima
1198 543 1304 611 est,
1335 540 1467 615 quia
1496 544 1769 602 Dominus
1799 542 1990 611 Pater,

393 641 666 699 Dominus
727 641 925 710 Filius,
979 641 1252 699 Dominus
1315 641 1562 713 Spiritus
1624 641 1855 699 sanctus
1912 643 1991 699 sic

393 756 577 797 secum
640 738 746 808 est,
809 740 955 811 quod
1005 739 1130 810 ipsa
1192 740 1240 797 ei
1294 739 1616 811 specialiter
1672 739 1991 796 familiaris-

392 838 535 894 sima
575 837 681 905 est,
725 837 872 895 sicut
915 837 1074 909 patet
1117 854 1217 909 per
1245 836 1469 895 beatum
1500 837 1852 895 Bernardum
1878 834 1987 912 (1),

391 937 487 1009 qui
529 937 608 994 sic
644 936 813 993 dicit:
869 958 898 986 «
927 934 1045 993 Nec
1088 934 1316 992 tantum
1372 935 1647 993 Dominus
1688 936 1869 997 Filius
1912 936 1988 993 te·

390 1051 534 1102 cum,
577 1051 742 1107 quem
801 1050 968 1092 carne
1031 1033 1132 1091 tua
1186 1034 1391 1103 induiS,
1436 1034 1532 1092 sed
1594 1035 1653 1092 et
1715 1035 1990 1092 Dominus

392 1132 638 1206 Spiritus
700 1132 949 1200 sanctus,
994 1133 1061 1190 de
1124 1149 1232 1205 quo
1293 1133 1556 1205 concipiS‚
1601 1133 1658 1190 et
1713 1133 1990 1191 Dominus

394 1231 585 1300 Pater,
615 1232 710 1303 qui
738 1230 936 1305 genuit
964 1248 1128 1304 quem
1158 1232 1403 1303 concipis
1424 1255 1482 1288 ».
1510 1264 1589 1272 —
1607 1232 1785 1299 Item,
1816 1249 1985 1305 quam

386 1329 736 1413 Adiynissima
765 1332 1019 1402 propter
1061 1345 1355 1402 personae
1416 1346 1557 1388 suae
1607 1331 1990 1388 reverentiam

390 1427 562 1485 fuerit
621 1428 822 1496 Maria,
866 1428 1003 1486 bene
1063 1427 1407 1496 insinuatur,
1451 1445 1577 1486 cum
1620 1427 1859 1486 dicitur:
1906 1429 1991 1486 be·

389 1525 620 1583 mediata
665 1528 727 1584 tu
767 1527 832 1583 in
873 1526 1236 1585 mulieribus.
1281 1526 1651 1599 Nequaquam
1692 1528 1838 1583 enim
1870 1543 1992 1598 per-

391 1641 529 1683 sona
570 1626 690 1682 eius
733 1623 925 1696 posset
964 1640 1074 1682 non
1117 1641 1239 1682 esse
1267 1624 1617 1697 dignissima,
1651 1641 1793 1696 quae
1823 1624 1993 1682 tanta

391 1722 770 1783 benedictione
811 1724 898 1804 est
938 1723 1422 1782 reverendissima.
1452 1723 1611 1781 Unde
1639 1724 1844 1782 iterum
1874 1725 1993 1782 stu-

392 1840 531 1896 pens
571 1822 629 1881 et
669 1824 988 1881 exclamans
1030 1822 1167 1879 dicit
1196 1822 1500 1880 Anselmus
1525 1822 1645 1897 (2):
1688 1821 1784 1881 «Ο
1813 1822 1994 1896 Virgo

390 1920 682 1979 benedicta
710 1922 768 1978 et
798 1919 1275 1993 superbenedicta,
1320 1937 1420 1992 per
1461 1920 1618 1978 cuius
1662 1911 1994 1980 benedictio-

391 2037 518 2077 nem
560 2020 904 2077 benedicitur
947 2020 1127 2076 omnis
1169 2019 1396 2088 natura,
1439 2036 1550 2077 non
1601 2020 1781 2078 solum
1836 2036 1995 2078 crea-

392 2117 525 2175 tura
566 2135 600 2175 a
643 2116 926 2185 creatore,
969 2116 1065 2173 sed
1106 2118 1275 2174 etiam
1321 2117 1554 2175 Creator
1582 2134 1617 2174 a
1644 2117 1991 2175 creatura».

392 2249 471 2257 —-
512 2216 678 2284 Item,
723 2232 889 2288 quam
933 2215 1257 2273 utilissima
1307 2217 1555 2286 propter
1598 2215 1794 2287 prolis
1849 2231 1995 2273 suae

390 2313 783 2371 excellentiam
823 2314 997 2371 fuerit
1052 2313 1254 2379 Maria,
1298 2314 1434 2371 bene
1496 2312 1821 2371 insinuatur
1863 2330 1993 2371 cum

391 2412 623 2470 dicitur:
668 2414 722 2470 et
785 2411 1110 2470 benedictus
1170 2409 1401 2480 fruetus
1449 2413 1667 2470 ventris
1731 2412 1837 2469 tui.
1901 2412 1994 2469 Ad

390 2510 725 2568 salvandum
769 2528 1008 2583 namque
1072 2510 1342 2567 mundum
1400 2527 1499 2582 per
1540 2510 1645 2569 hoc
1683 2511 1995 2568 utilissima

393 2609 518 2678 fuit,
562 2609 708 2682 quod
752 2611 876 2683 ipsa
917 2609 1166 2669 fructum
1210 2609 1415 2666 salutis
1458 2609 1993 2667 excellentissimum

522 2843 566 2901 1)
602 2840 777 2888 Homil.
815 2842 860 2889 3.
897 2856 1034 2901 super
1068 2842 1253 2888 Missus
1285 2846 1375 2899 est,
1410 2855 1457 2887 n.
1493 2841 1542 2887 4.

517 2925 566 2983 2)
601 2923 710 2969 Loc.
747 2921 832 2970 cit.

120 2843 395 2960 ψᾛ

366 2963 411 3000 *ις
430 2971 437 2980 1

418 2999 441 3018 r>

444 3031 459 3042 ⁴*

456 3045 481 3052 ,Α

484 3083 507 3101 1Ὶ“ι
