2237 3481
396 266 435 323 4
908 281 1198 324 SPECULUM
1239 281 1290 322 B.
1332 281 1394 323 M.
1440 282 1496 324 v.

395 473 670 553 inveniar.
714 472 989 541 Profecto,
1033 488 1158 529 cum
1201 488 1302 528 nec
1344 470 1640 539 sanctitaS,
1669 487 1769 527 nec
1803 469 1998 527 facun-

396 571 488 627 dia
530 570 872 642 suppeditet,
916 572 981 627 ut
1023 569 1246 627 beatam
1289 569 1346 626 et
1373 569 1677 642 gloriosam
1706 568 1995 641 Virginem

397 670 564 741 digne
607 669 839 726 laudare
881 685 1082 742 queam
1111 691 1169 725 >›.
1198 701 1279 709 —
1318 668 1486 735 Item,
1528 667 1599 725 ad
1642 667 1775 739 quid
1818 683 1995 739 aquae

401 769 713 839 pauxillum
759 769 899 824 mari
941 767 1188 824 addam?
1228 766 1299 823 ad
1342 766 1476 839 quid
1517 763 1791 824 modicum
1833 765 1995 836 lapil-

395 866 514 922 lum
562 864 737 923 monti
782 865 1084 923 adiiciam?
1124 864 1228 922 Sed
1270 864 1438 933 certe,
1480 880 1605 922 cum
1636 864 1819 921 Maria
1859 864 1994 920 divi-

396 965 485 1021 nis
528 963 585 1021 et
625 965 895 1037 angelicis
936 962 1200 1020 laudibus
1241 963 1438 1020 nimis·
1474 961 1859 1035 maynifiicata
1897 962 1995 1034 sit,

396 1062 529 1135 quid
571 1060 790 1142 nostra,
832 1062 962 1134 quid
1022 1062 1319 1138 praecipue
1378 1077 1498 1118 mea
1560 1058 1817 1132 parvitas
1878 1061 1995 1118 eius

319 1204 322 1207 -
395 1159 659 1218 laudibus
713 1160 949 1218 adiicere
1006 1161 1230 1232 possit?
1272 1160 1522 1232 Denique
1564 1159 1763 1216 beatus
1804 1158 1997 1217 Hiero·

397 1276 600 1332 nymus
626 1256 714 1333 (1)
759 1259 825 1315 de
866 1260 992 1330 ipsa
1032 1258 1286 1331 loquem,
1330 1259 1442 1316 ait:
1496 1281 1525 1308 «
1554 1257 1632 1314 Ut
1672 1275 1869 1315 verum
1911 1257 1995 1314 fa·
2055 1252 2062 1255 *

398 1357 538 1424 tear,
581 1356 849 1430 quidquid
889 1356 1154 1413 humanis
1195 1356 1301 1413 dici
1343 1356 1531 1428 potest
1572 1355 1759 1414 verbis
1810 1355 1995 1412 minus

397 1473 431 1513 a
472 1455 637 1512 laude
691 1455 829 1513 caeli
893 1454 996 1523 est,
1057 1456 1317 1528 quoniam
1384 1455 1588 1511 divinis
1630 1453 1688 1512 et
1727 1453 1996 1526 angelicis

395 1552 484 1612 est
525 1554 888 1611 excellentius
931 1553 1253 1625 praedicata
1296 1553 1353 1610 et
1387 1553 1622 1610 laudata
1664 1553 1991 1625 praeconiis,

396 1653 449 1710 A
491 1652 785 1724 prophetis
822 1653 1048 1724 quidem
1111 1653 1533 1724 praenuntiata,
1576 1669 1610 1708 a
1654 1650 1995 1723 patriarchis

396 1751 597 1824 figuris
639 1751 697 1807 et
735 1750 1151 1824 aenigmatibus
1197 1751 1578 1822 praesignata,
1610 1749 1682 1807 ab
1717 1750 1995 1821 evangeli-

398 1849 504 1906 stis
546 1848 794 1906 exhibita
845 1848 923 1929 et!
956 1848 1295 1915 monstrata,
1338 1847 1411 1905 ab
1465 1848 1667 1920 angelo
1711 1846 1995 1904 venerabi-

395 1947 528 2004 liter
571 1949 740 2019 atque
783 1946 1183 2005 officiosissime
1228 1946 1480 2003 salutata
1508 1969 1567 2001 ».

558 2046 711 2103 Haec
753 2047 939 2103 omnia
980 2044 1281 2117 diligenter
1326 2045 1562 2116 pensata
1626 2045 1778 2116 pium
1822 2043 1997 2102 lecto-

393 2161 511 2201 rem
554 2144 815 2215 piumque
844 2142 1155 2201 auditorem
1187 2159 1406 2200 movere
1436 2141 1641 2198 debent
1682 2141 1898 2209 merit0‚
1928 2141 1997 2198 ut

392 2242 691 2314 ignoscant
734 2241 886 2307 mihi,
931 2242 1198 2314 quidquid
1241 2240 1687 2310 insufficientiae,
1725 2240 1994 2312 quidquid

397 2341 712 2412 imperitiae
754 2341 834 2397 eis
863 2341 1169 2398 occurrerit
1209 2342 1263 2396 in
1308 2339 1411 2396 hoc
1451 2339 1680 2410 scripto.
1710 2338 1995 2408 Quomodo

393 2441 537 2496 enim
570 2456 671 2510 ego
701 2439 817 2495 tam
861 2437 1206 2496 insufficiens
1248 2437 1445 2496 cudere
1475 2438 1718 2494 valerem
1757 2454 1822 2493 ea
1850 2454 1996 2509 quae

392 2538 587 2594 tantae
631 2537 884 2610 Virginis
912 2536 1175 2593 laudibus
1204 2536 1376 2609 digna
1404 2535 1708 2608 tantaeque
1737 2535 1994 2609 Virginis

393 2635 733 2693 zelatoribus
773 2635 944 2709 grata
986 2635 1189 2701 forent,
1233 2652 1355 2693 cum
1401 2636 1457 2691 in
1499 2634 1589 2691 his
1631 2633 1830 2691 tantus
1872 2636 1996 2691 eius

391 2734 654 2793 laudator
683 2734 740 2791 et
768 2733 997 2802 zelator,
1028 2732 1229 2790 beatus
1259 2733 1602 2801 BernarduS,
1633 2732 1998 2791 coarctetur?

525 2948 568 3007 1)
605 2948 711 2994 Loc.
748 2945 833 2994 cit.
869 2960 916 2992 n.
953 2947 1000 2993 5.
