2237 3481
417 273 535 331 214
925 291 1215 352 SPECuLUM
1256 291 1307 331 B.
1349 291 1409 332 Μ.
1455 290 1509 332 v.

412 484 610 554 gyrata.
640 481 799 539 Unde
827 481 1027 538 beatus
1057 481 1417 554 Augustinus
1448 480 1537 555 (1)
1581 481 1693 538 ait:
1746 503 1775 531 α
1804 480 1851 540 O
1890 498 2016 539 vere

419 580 583 637 beata
644 579 939 636 humilitas
995 579 1209 636 Mariae
1272 595 1415 651 quae
1460 579 1635 636 Deum
1697 578 2018 636 hominibus

419 678 654 750 peperit,
699 678 874 734 vitam
905 676 1239 736 mortalibus
1267 677 1457 745 edidit,
1486 677 1669 736 caelos
1705 659 2015 743 innovavfi,

418 776 687 834 mundum
732 775 1072 848 purificavit,
1117 775 1445 847 paradisum
1488 775 1713 846 aperuit
1752 775 1811 833 et
1839 775 2019 834 homi-

418 891 553 931 num
595 875 814 932 animas
844 874 916 931 ab
944 873 1141 931 inferis
1169 873 1434 934 liberavit
1462 876 1517 929 »2
1561 873 1764 941 Vallis,
1804 875 2019 946 quanto

418 973 702 1042 humilior,
745 973 909 1032 tanto
954 973 1331 1046 receptibilior
1358 972 1446 1030 est
1486 989 1795 1044 aquarum3
1840 974 1921 1031 sic
1962 974 2021 1030 et

417 1071 600 1130 Maria
640 1072 978 1145 gratiarum.
1008 1072 1193 1131 Vallis
1221 1071 1408 1128 autem
1440 1071 1802 1144 irrigationes
1843 1088 2022 1144 aqua-

419 1187 541 1227 rum
587 1170 786 1242 recipit
813 1169 1144 1243 quandoque
1186 1186 1220 1226 a
1250 1170 1543 1241 superiori,
1573 1169 1907 1242 quandoque
1948 1169 2021 1226 ab

416 1268 696 1331 inferiori:
727 1286 761 1326 a
804 1269 1077 1340 superiori
1122 1267 1341 1341 quidem
1378 1284 1476 1339 per
1506 1267 1732 1339 pluvias
1759 1284 1793 1324 a
1832 1268 2023 1326 monte

418 1366 743 1435 defluenteS,
784 1367 858 1425 ab
898 1367 1149 1426 inferiori
1180 1384 1278 1439 per
1313 1383 1490 1439 aquas
1518 1365 1586 1424 de
1614 1365 1767 1424 fonte
1797 1365 2022 1424 effluen-

420 1466 522 1522 tes,
555 1465 824 1523 Similiter
865 1464 1096 1522 humilis
1137 1464 1319 1522 Maria
1361 1465 1520 1537 quasi
1550 1463 1617 1521 de
1645 1464 1921 1535 superiori
1966 1462 2024 1522 et

417 1563 684 1633 inferiori,
730 1564 891 1637 quasi
932 1563 998 1621 de
1026 1563 1215 1622 monte
1244 1562 1302 1621 et
1342 1562 1409 1620 de
1447 1561 1601 1621 fonte
1642 1561 1886 1635 irrigata
1914 1562 2021 1631 est,

418 1662 552 1719 dum
580 1663 647 1720 de
691 1662 881 1719 divina
923 1662 981 1720 et
1021 1661 1271 1718 humana
1300 1661 1429 1718 Filii
1457 1661 1544 1718 sui
1585 1660 1795 1718 natura
1823 1659 2024 1718 tantae

419 1762 736 1834 gratiarum
779 1760 1087 1819 benedictio
1129 1760 1317 1818 infusa
1359 1760 1464 1818 est.
1511 1760 1663 1817 Haec
1702 1759 1895 1832 itaque
1938 1760 2027 1817 est

421 1859 746 1928 benedictio,
769 1860 836 1917 de
858 1877 969 1932 qua
995 1859 1208 1931 legitur
1237 1858 1490 1915 Iudicum
1522 1858 1703 1930 primo
1722 1857 1831 1931 (2),
1855 1858 2024 1930 quod,

420 1975 543 2016 cum
589 1958 713 2015 Axa
753 1958 962 2015 diceret
1005 1957 1158 2029 patri
1200 1973 1331 2015 suo:
1362 1956 1465 2014 Da
1507 1956 1654 2013 mihi
1683 1954 2029 2013 benedictio-

420 2073 567 2129 nem,
612 2046 767 2113 dedit
807 2057 860 2113 ei
891 2058 1070 2127 pater
1118 2072 1262 2114 suus
1303 2056 1598 2128 irriguum
1646 2054 1922 2125 superius
1975 2058 2029 2111 et

420 2153 689 2223 inferius.
733 2154 857 2211 Axa
898 2154 1110 2211 Mariae
1139 2154 1337 2227 typum
1365 2152 1533 2226 gerit,
1577 2169 1719 2225 quae
1746 2152 2026 2225 irriguam

422 2271 455 2310 a
511 2253 683 2310 Patre
745 2253 976 2310 caelesti
1036 2252 1472 2310 benedictionem
1531 2250 1811 2322 suscepit;
1868 2250 2027 2308 dedit

422 2352 568 2409 enim
612 2353 658 2409 ei
689 2352 841 2409 Deus
871 2351 1047 2410 Pater
1075 2351 1374 2424 irriyuum
1400 2350 1669 2422 superius
1704 2350 1761 2405 in
1801 2346 2031 2407 Christi

422 2449 753 2522 divinitate,
793 2447 1046 2519 inferius
1088 2465 1220 2507 vero
1262 2450 1319 2505 in
1370 2444 1594 2506 Christi
1622 2446 2030 2515 humanitate,·

422 2548 577 2620 item,
623 2549 881 2620 superius
923 2548 981 2604 in
1009 2549 1215 2619 mente,
1246 2546 1482 2604 inferius
1522 2546 1579 2602 in
1609 2547 1844 2615 ventre‚·
1870 2545 2031 2611 item,

419 2647 682 2719 superius
743 2647 800 2703 in
865 2646 1113 2713 caritate
1163 2645 1296 2717 Dei,
1360 2644 1595 2702 inferius
1656 2644 1712 2700 in
1776 2643 2033 2700 caritate

550 2878 594 2932 l)
631 2876 776 2922 Ser-m.
810 2876 920 2923 208.
955 2875 1154 2934 append.
1192 2873 1334 2934 (alias
1368 2874 1443 2921 35.
1482 2874 1538 2919 de
1570 2872 1755 2931 Sanct.)
1791 2887 1841 2919 n.
1882 2872 1958 2919 10.

549 2958 595 3006 {3}
635 2958 765 3003 l(ers.
805 2956 879 3002 15.
