2237 3481
882 273 1218 316 PRAEFATIO.
1739 274 1861 318 xvn

253 464 390 531 illos
414 463 521 549 qui
559 463 757 549 ipsam
787 482 912 530 non
947 464 1152 531 solum
1190 463 1325 532 sine
1348 470 1602 550 peccato
1627 470 1856 543 natam,

251 571 353 638 sed
403 571 589 638 etiam
638 570 773 638 sine
823 578 1077 660 peccato
1125 581 1487 657 conceptam
1541 572 1854 640 dicunt».

428 678 600 745 Haud
671 677 936 745 dubium
1009 689 1125 758 est,
1182 680 1334 764 quin
1403 679 1482 745 fr.
1532 678 1856 747 Conradus
1905 698 1908 701 ·

248 785 476 853 abhinc
527 785 690 852 inter
737 793 828 852 tot
874 786 1104 853 saeculi
1143 786 1288 852 XIII.
1338 786 1677 872 scriptores
1725 804 1854 852 ma·
1905 776 1908 779 ’

249 911 369 979 gna
418 910 567 960 cum
613 893 797 960 laude
847 893 1227 960 nominetur.

454 1103 560 1175 111.
608 1104 694 1175 De
740 1103 990 1175 ratione
1036 1102 1333 1175 editionis
1357 1066 1651 1176 'nosti-ae.

425 1321 671 1407 Speculi
723 1327 938 1388 nostra
999 1321 1188 1389 editio
1257 1306 1462 1389 finem‘
1518 1322 1853 1408 praecipue

244 1429 655 1515 prosequitur
681 1429 1053 1514 practicum.
1085 1428 1254 1496 Unde
1281 1429 1556 1515 primum
1580 1447 1850 1496 examen

240 1534 526 1602 omnium
552 1535 861 1615 codicum,
887 1535 993 1621 qui
1022 1536 1096 1602 ad
1134 1543 1411 1603 nostram
1441 1536 1719 1603 notitiam
1747 1536 1854 1603 de-

245 1649 577 1721 venerunt,
612 1642 1002 1709 instituimus
1050 1643 1123 1709 ad
1166 1652 1488 1710 auctorem
1533 1643 1853 1710 invenien-

239 1750 395 1817 dum
444 1758 507 1817 et
554 1750 840 1836 opusculi
897 1752 1315 1836 integritatem
1367 1750 1681 1818 tuendam.
1716 1752 1854 1835 Quo

239 1857 428 1938 factu,
474 1857 720 1943 aliquos
768 1858 963 1925 bonos
1009 1858 1252 1925 codices
1299 1858 1654 1943 selegimus
1696 1876 1853 1944 quo-

240 1982 390 2030 rum
438 1964 721 2031 subsidio
783 1972 1031 2032 textum
1096 1965 1386 2032 editionis
1435 1965 1763 2032 Vaticanae
1817 1984 1853 2031 a

241 2071 463 2138 multis
496 2071 737 2138 mendis
771 2077 1128 2139 correctum
1163 2072 1239 2139 ad
1277 2072 1707 2157 primigeniam
1734 2072 1851 2138 for·

237 2197 407 2244 mam
461 2178 766 2246 reducere
798 2179 1002 2246 conati
1054 2197 1295 2246 sumus
1349 2180 1668 2246 Lectiones
1701 2198 1853 2246 vero

240 2284 562 2352 varIantes
585 2281 691 2351 fini
721 2292 937 2353 nostro
964 2285 1239 2371 practico
1265 2286 1664 2352 inhaerentes
1689 2286 1750 2352 in
1781 2286 1855 2352 iis

236 2391 393 2458 solis
425 2391 578 2459 locis
610 2391 973 2471 adiecimus,
1008 2393 1067 2458 in
1103 2393 1339 2478 quibus
1370 2392 1720 2477 peculiares
1753 2411 1852 2459 ra-

236 2499 446 2566 tiones
493 2499 613 2566 hoc
645 2500 1085 2567 commendare
1122 2500 1517 2579 videbantur,
1567 2518 1851 2585 praeser-

237 2606 352 2671 tim
377 2623 521 2672 cum
542 2605 943 2673 difficultates
968 2607 1236 2674 maiores
1257 2613 1471 2673 textus
1496 2625 1561 2673 se
1583 2607 1750 2674 haud
1770 2607 1855 2673 of-

236 2712 483 2780 ferrent
505 2730 577 2779 ac
605 2731 751 2780 raro
785 2714 982 2798 ipsius
1015 2714 1427 2780 substantiam
1453 2713 1849 2799 attingerent.

424 2821 653 2900 Restat,
710 2827 782 2887 ut
828 2820 1132 2887 addamus
1184 2822 1517 2888 elenchum
1565 2821 1847 2889 codicum

235 2927 488 3013 Speculi
519 2945 758 2995 necnon
785 2928 1153 3008 editionum,
1179 2929 1285 3014 qui
1315 2928 1495 2995 nobis
1528 2928 1653 2995 noti
1683 2936 1850 2996 sunt.

1688 3047 1727 3080 11
