2237 3481
361 222 479 283 250
867 242 1157 286 srucunun
1197 244 1249 287 B.
1290 244 1353 289 u.
1396 245 1452 290 v.

357 431 588 503 Mariae,
628 433 687 491 in
728 433 932 507 quibus
972 435 1116 508 ipsa,
1173 452 1315 510 quae
1372 435 1525 495 Deus
1565 436 1672 510 est,
1714 438 1953 509 caritaS‚

357 547 556 591 novem
597 532 882 592 mensibus
921 532 1293 607 corporaliter
1331 536 1609 609 requievit
1627 537 1695 593 »9

514 630 721 700 Tertio,
762 631 1057 703 carissimi,
1085 632 1394 703 videamus,
1422 634 1694 707 quomodo
1727 633 1955 694 fructus

354 728 566 787 Mariae
607 728 932 788 benedictus
972 729 1050 789 sit
1089 730 1427 804 patientium
1469 731 1528 790 et
1562 733 1797 791 mitiwm
1823 749 1953 792 con-

353 827 448 886 tra
487 829 660 900 iram3
701 828 770 886 de
828 827 933 889 hoc
985 831 1326 904 accipiamus
1385 831 1533 905 quod
1593 831 1801 890 dicitur
1840 832 1951 892 Iob

353 927 624 999 vigesimo
665 927 907 987 secundo
930 926 1053 1004 (1):
1094 927 1412 1002 Aequiesce
1451 945 1590 1004 erqo
1636 929 1733 988 illi
1758 932 1818 987 et
1843 930 1947 989 ha-

355 1023 478 1083 beto
509 1041 734 1099 paceni,
774 1028 831 1083 et
877 1042 992 1099 per
1053 1025 1195 1086 haec
1234 1027 1471 1088 habebis
1511 1025 1741 1098 fructus
1795 1029 1951 1101 opti-
2038 1056 2045 1061 -

350 1138 494 1181 mos.
534 1122 913 1196 Aequiescere
961 1127 1017 1182 et
1056 1140 1269 1197 pacem
1328 1124 1537 1184 habere
1588 1125 1678 1184 est
1718 1125 1948 1185 mitium

350 1220 410 1279 et
449 1220 806 1294 patientium.
858 1221 966 1292 Qui
1019 1223 1209 1282 autem
1272 1224 1419 1283 tales
1480 1223 1634 1294 sunt,
1677 1225 1789 1298 ipsi
1843 1241 1951 1298 per

349 1318 454 1378 hoc
490 1316 722 1390 fructus
760 1321 1010 1394 optimos
1048 1321 1358 1381 habebunt.
1401 1322 1526 1382 Duo
1565 1322 1756 1381 autem
1806 1325 1950 1382 sunt

348 1417 548 1491 optimi
588 1418 839 1478 fructus:
882 1436 1030 1478 unus
1056 1421 1316 1495 virtutis,
1341 1421 1491 1480 alter
1514 1422 1749 1480 ventris.
1786 1419 1950 1495 Opti-

348 1532 475 1574 mus
514 1516 735 1576 fructus
774 1518 1010 1577 virtutis
1048 1518 1139 1578 est
1176 1519 1405 1589 caritas,
1447 1518 1514 1578 de
1555 1536 1668 1593 qua
1694 1519 1948 1593 Aposto-

344 1614 438 1672 lus
460 1613 550 1690 (2)
607 1615 720 1673 ait:
763 1616 1026 1676 Fructus
1088 1619 1282 1675 autem
1341 1617 1593 1696 spiritus
1652 1620 1738 1677 est
1790 1619 1945 1676 cari-

349 1715 440 1773 tas
479 1713 585 1773 etc.
627 1713 892 1787 FructuS,
932 1716 1028 1789 qui
1068 1715 1147 1776 ibi
1207 1717 1629 1788 enumerantur,
1671 1706 1771 1776 alii
1821 1719 1943 1792 qui-

345 1811 470 1870 dem
511 1812 649 1871 sunt
687 1813 835 1884 boni,
889 1814 989 1872 alii
1028 1831 1162 1873 vero
1217 1815 1505 1886 meliores3
1547 1815 1645 1874 sed
1698 1816 1940 1889 primus,

345 1911 442 1984 qui
483 1911 571 1970 est
597 1911 826 1982 caritaS,
855 1913 1103 1985 optimus
1132 1913 1237 1983 est,
1267 1931 1368 1987 per
1395 1931 1559 1988 quem
1597 1914 1696 1972 alii
1722 1930 1938 1985 omnes,

345 2009 492 2067 sicut
552 2010 800 2069 ostendit
858 2011 1218 2085 Augustinus
1241 2011 1350 2088 (3),
1393 2012 1525 2073 boni
1585 2013 1741 2071 sunt.
1781 2012 1942 2087 Opti-

348 2123 475 2166 mus
527 2107 717 2168 autem
779 2109 998 2168 fructus
1051 2110 1274 2169 ventris
1332 2111 1447 2176 est⁴
1483 2110 1763 2170 Christus.
1826 2112 1941 2171 Ille

343 2223 586 2280 namque
651 2207 831 2267 bonus
892 2208 1111 2266 fructus
1172 2209 1389 2268 ventris
1456 2209 1544 2268 est
1604 2211 1940 2285 quicumque

339 2305 400 2363 in
447 2304 644 2363 ventre
698 2306 1087 2365 sanctificatus
1149 2306 1253 2365 est.
1317 2306 1558 2381 Ideoque
1611 2306 1792 2368 bonus
1846 2309 1939 2368 est

468 2509 513 2569 1)
549 2510 681 2558 Vers.
714 2510 794 2558 21.
1540 2512 1591 2572 2)
1625 2511 1733 2559 Gal.
1767 2513 1817 2571 5,
1851 2512 1932 2560 22.

463 2590 512 2649 3)
548 2591 707 2638 Tract.
739 2591 818 2638 87.
850 2590 902 2638 in
934 2591 1064 2639 Ioan.
1109 2590 1291 2651 Evang.
1327 2606 1377 2639 n.
1418 2592 1468 2639 1:
1510 2610 1535 2637 ‹
1556 2592 1728 2641 Merito
1770 2593 1935 2651 itaque

339 2670 567 2729 magister
597 2672 745 2718 bonus
776 2671 1072 2720 dilectionem
1103 2672 1173 2720 sic
1204 2686 1342 2733 saepe
1372 2674 1681 2734 commendat,
1703 2676 1931 2733 tanquam

337 2753 440 2799 sola
470 2750 797 2812 praecipienda
829 2752 914 2812 sit,
937 2752 1040 2800 sine
1071 2766 1164 2811 qua
1196 2767 1289 2800 non
1313 2756 1510 2813 possunt
1532 2755 1752 2814 prodesse
1772 2756 1931 2801 cetera

338 2833 477 2890 bona,
501 2834 550 2880 et
581 2846 700 2890 quae
733 2847 824 2880 non
854 2834 1013 2893 potest
1045 2834 1211 2882 haberi
1236 2834 1339 2882 sine
1368 2834 1540 2883 ceteris
1573 2834 1727 2895 bunia,
1761 2835 1930 2893 quibus

342 2914 473 2956 homo
511 2914 707 2959 officitur
739 2915 886 2961 bonus
907 2931 954 2961 ο.

369 3289 468 3445 4
