2237 3481
834 268 1032 311 memo
1074 269 1235 314 xvm.
1719 251 1831 311 261

227 463 302 520 ad
342 461 445 521 hoc
486 462 655 520 datus
695 461 800 530 est,
831 462 901 520 ad
944 460 1047 520 hoc
1089 462 1264 519 natus
1306 461 1412 529 est,
1441 460 1514 518 ad
1555 460 1659 520 hoc
1711 477 1837 533 pas·

229 578 328 619 sus
378 559 484 629 est,
541 562 608 618 ut
661 558 971 629 auferatur
1017 562 1319 632 peccatwm
1381 559 1641 619 hominis,
1697 559 1836 631 Ipse

226 660 402 732 enim,
463 660 610 717 sicut
656 658 895 731 angelus
943 657 1130 730 inquit
1183 656 1460 715 Matthaei
1511 658 1691 730 primo
1722 654 1833 730 (1),

225 757 460 815 salvum
500 755 675 826 faciet
703 755 998 829 populum
1037 772 1213 814 suum
1253 772 1292 813 a
1319 756 1580 828 peccatis
1612 771 1833 813 corum.

194 857 360 933 ‚Ipse
401 872 619 928 quoque
661 855 767 924 est,
798 855 864 913 de
902 871 1011 928 qno
1052 855 1297 913 Ioannes
1321 855 1409 930 (2)
1440 855 1611 912 dixit:
1660 854 1830 926 Ecce,

225 953 442 1027 Aynus
483 954 619 1027 Dei,
662 970 799 1027 ecce,
842 954 947 1026 qui
989 952 1146 1011 tollit
1163 955 1408 1025 peccata
1433 952 1640 1011 mundi
1657 953 1680 1011 Ι
1708 952 1831 1010 Iste

226 1070 362 1126 ergo
418 1053 639 1127 Agnus,
702 1052 811 1110 iste
866 1052 1016 1110 certe
1073 1051 1295 1110 fructus
1360 1052 1516 1110 tollit
1570 1055 1832 1124 peccata,

226 1153 347 1209 tam
390 1152 655 1210 mortalia
718 1169 886 1225 quam
943 1152 1207 1220 venialia,
1272 1151 1338 1208 ut
1398 1152 1494 1224 qui
1536 1168 1638 1223 per
1679 1150 1829 1208 hunc

225 1250 474 1308 fructum
518 1250 800 1323 purgatus
838 1267 873 1308 a
917 1248 1252 1307 mortalibus
1292 1249 1527 1307 eundem
1580 1248 1826 1307 fructum

226 1348 442 1421 portat,
486 1349 763 1421 purgetur
804 1349 974 1407 etiam
1006 1346 1051 1405 'a
1090 1347 1425 1416 venialibu8,
1468 1347 1535 1405 ut
1581 1347 1829 1406 fructum

223 1447 612 1505 abundantius
671 1447 838 1517 ferat,
901 1447 1061 1505 iuxta
1123 1447 1264 1504 illud
1326 1446 1561 1504 Ioannis
1621 1446 1831 1504 decimo

223 1546 424 1619 quinto
448 1545 567 1621 (3):
621 1544 878 1619 Omnem,
921 1547 1022 1619 qui
1063 1543 1211 1614 facit
1236 1542 1515 1617 fructum,
1538 1545 1826 1618 purgabit

206 1662 374 1717 eum,
414 1646 483 1701 ut
522 1641 781 1712 fructum
813 1644 959 1716 plus
1000 1641 1234 1712 afferat.

384 1743 655 1815 Secundo,
689 1744 984 1811 carissimi,
1014 1742 1235 1800 fructus
1263 1742 1476 1799 Mariae
1507 1739 1831 1799 benedictus

221 1843 574 1901 necessarius
616 1842 704 1899 est
742 1841 814 1899 ad
845 1840 1319 1913 pacificationem
1357 1839 1698 1898 inimicitiae
1733 1855 1831 1896 ca-

209 1941 449 2014 pitam,
493 1957 635 2013 quae
677 1939 787 1998 fuit
813 1940 964 1997 inter
992 1940 1173 1998 Deum
1202 1939 1260 1996 et
1285 1938 1566 1997 hominem
1597 1939 1655 1995 et
1679 1937 1829 1995 inter

220 2040 458 2113 angelos
517 2040 576 2097 et
613 2039 902 2108 homines;
946 2039 1092 2096 unde
1136 2038 1322 2096 Isaiae
1363 2037 1829 2110 quinquagesimo

222 2139 465 2211 septimo
525 2138 730 2195 dicitur
770 2137 891 2211 (4):
964 2135 1172 2195 Oreavi
1225 2135 1483 2206 fructum
1539 2136 1829 2193 labiorum

209 2252 440 2309 pacem,
473 2252 685 2309 pacem
724 2237 777 2293 ei
816 2236 921 2308 qui
964 2235 1132 2308 lonae
1171 2238 1257 2293 est
1290 2237 1347 2292 et
1385 2235 1488 2307 qai
1509 2249 1696 2307 prope
1725 2235 1826 2290 cst.

218 2333 468 2393 Fructus
509 2335 726 2392 ventris
767 2333 980 2392 Mariae
1025 2332 1162 2390 bene
1205 2332 1395 2405 potest
1450 2333 1557 2390 dici
1598 2329 1828 2400 fructus

222 2434 520 2492 labiorum
560 2433 793 2501 Mariae,
837 2433 987 2504 quia,
1030 2431 1163 2489 dum
1200 2431 1266 2488 de
1295 2431 1461 2489 labiis
1504 2431 1621 2488 suis
1649 2429 1828 2486 distil-

218 2532 488 2590 laverunt
527 2531 798 2590 melliflna
838 2530 1012 2589 verba
1050 2530 1181 2594 illa:
1227 2530 1395 2603 Ecce,
1440 2528 1660 2587 ancilla
1701 2527 1828 2585 Do-

350 2784 395 2842 1)
431 2783 566 2829 Vers.
602 2782 686 2829 21.

345 2865 395 2925 2)
432 2863 546 2922 Cap.
586 2864 631 2918 1,
666 2863 744 2910 29.

347 2946 394 3004 3)
432 2945 565 2991 Vere.
600 2944 648 2990 2.
1483 2937 1534 2997 4)
1570 2936 1707 2982 Vere.
1747 2934 1827 2981 19.
