2237 3481
847 265 1048 307 Lssc'rlo
1090 266 1207 308 ΠΙ.
1717 252 1832 308 239

219 455 514 513 undecimo
547 453 636 529 (1)
656 477 686 512 ε·
714 455 977 514 Fructus
1008 457 1167 528 iusti,
1200 456 1428 531 liynum
1463 457 1632 516 vitae.
1680 459 1836 517 Sicut

221 554 372 611 enim
419 552 644 627 liynum
697 553 867 625 vitae,
925 554 1072 627 quod
1129 554 1239 612 fuit
1292 556 1357 612 in
1410 541 1599 615 inedie
1648 573 1836 628 para-

220 651 340 710 disi
369 650 457 725 (2)
502 649 812 719 terrestriS,
875 651 1149 710 virtutem
1211 653 1413 711 habuit
1464 655 1833 714 conservandi

220 749 402 807 vitam
445 749 703 818 naturae,
749 750 827 807 sic
868 749 1018 808 certe
1061 750 1282 809 fructus
1339 753 1556 811 ventris
1599 753 1832 826 Mariae,

221 848 321 921 qui
363 847 452 905 est
490 847 711 920 lignum
754 848 905 906 vitae
947 848 1004 906 et
1046 848 1268 907 fructus
1322 850 1493 919 vitae,
1540 852 1597 908 in
1655 852 1833 910 medio

222 945 475 1020 paradisi
516 945 798 1004 Ecclesiae
839 947 1140 1005 conservat
1180 947 1359 1006 vitam
1413 950 1633 1022 gratiae
1676 949 1734 1007 et
1775 952 1832 1008 in

222 1043 404 1102 medio
446 1045 695 1116 paradisi
736 1045 995 1102 caelestis
1038 1047 1259 1118 patriae
1300 1048 1599 1105 conservat
1654 1048 1832 1106 vitam

219 1144 457 1217 gloriae.
501 1142 815 1201 conservat
857 1144 1078 1216 quidem
1136 1146 1314 1203 vitam
1369 1147 1591 1219 gratiae
1640 1164 1675 1205 a
1717 1164 1831 1206 cor-

222 1241 489 1314 ruptione
531 1241 749 1312 culpae,
792 1242 967 1299 vitam
1002 1259 1133 1301 vero
1166 1244 1381 1316 gloriae
1410 1262 1444 1302 a
1472 1246 1831 1317 corruptione

226 1340 411 1398 omnis
442 1340 716 1408 miseriae,
746 1339 814 1397 ut
841 1341 919 1398 sic
948 1341 1285 1413 recipiamus
1312 1343 1371 1399 in
1401 1342 1588 1401 fructu
1619 1344 1831 1401 Mariae

224 1437 373 1511 quod
418 1438 710 1495 amisimus
768 1439 823 1495 in
883 1438 1073 1496 fructu
1121 1438 1301 1496 Adam
1359 1440 1417 1498 et
1470 1440 1641 1508 Evae,
1687 1443 1833 1500 sicut

223 1536 363 1594 bene
406 1535 630 1593 notavit
671 1535 824 1593 Beda
856 1536 967 1611 (3),
1009 1538 1231 1595 dicens:
1286 1560 1313 1588 «
1342 1537 1679 1596 Benedictus
1713 1538 1833 1597 fru-

220 1634 352 1692 ctus
394 1634 612 1692 ventris
653 1634 828 1704 illius,
874 1652 974 1707 per
1014 1652 1176 1708 quem
1237 1634 1295 1693 et
1350 1653 1535 1694 semen
1580 1638 1834 1696 incorru-

222 1733 437 1807 ptionis
491 1731 549 1791 et
603 1751 880 1806 supernae
937 1733 1289 1803 hereditatiS,
1331 1752 1496 1808 quam
1547 1736 1604 1793 in
1646 1736 1828 1794 Adam

222 1832 589 1905 perdidimuS,
632 1832 877 1890 fructum
924 1835 1236 1906 recepimus
1263 1857 1319 1892 ».
1352 1834 1439 1892 Sic
1467 1834 1645 1907 igitur
1674 1835 1831 1893 bene-

223 1930 412 1989 dictus
455 1930 675 1989 fructus
705 1931 916 1990 Mariae
947 1932 1191 1991 salutem
1221 1933 1404 1992 dando
1435 1934 1831 2005 spiritualiter,

224 2029 531 2089 salvandos
575 2030 1002 2102 multiplicando
1040 2032 1460 2100 universaliter,
1495 2031 1831 2104 multiplica-

222 2128 315 2187 tos
358 2129 739 2187 conservando
783 2129 1151 2187 aeternaliter
1192 2129 1643 2188 virtuosissimos
1686 2131 1791 2188 est.

387 2225 602 2295 Quarto
631 2226 1064 2296 consideremuS,
1091 2229 1388 2296 carissimi,
1419 2229 1691 2301 quomodo
1722 2230 1830 2286 vir-

221 2325 435 2398 ginalis
474 2325 627 2382 uteri
669 2323 888 2382 fructus
945 2325 1022 2382 sit
1075 2327 1530 2397 copiosissimus.
1574 2326 1652 2384 Re
1697 2344 1830 2384 vera

224 2424 373 2481 enim
417 2422 534 2480 tam
579 2423 999 2495 copiosissimus
1042 2423 1149 2496 est,
1186 2426 1332 2497 quod
1376 2426 1621 2483 animam
1666 2426 1830 2497 plene

223 2520 418 2594 potest
458 2521 702 2590 reficere,
749 2522 864 2579 tam
909 2523 1167 2595 copiosus
1218 2522 1324 2592 est,
1367 2524 1514 2597 quod
1571 2525 1830 2583 omnibus

354 2771 398 2830 l)
435 2771 570 2818 Vers.
607 2771 684 2818 30.
1456 2773 1505 2831 2)
1542 2773 1656 2820 Gen.
1694 2775 1741 2831 2,
1777 2775 1824 2821 9.

350 2853 398 2911 3)
436 2850 609 2899 Homil.
644 2852 701 2899 de
732 2853 925 2899 solemn.
963 2850 1211 2912 Deiparae,
1248 2854 1432 2910 quando
1465 2853 1699 2901 salutavit
1731 2855 1825 2901 Eli-

223 2932 410 2979 sabeth.
