2237 3481
166 2930 305 3023 Ἣ,

321 3134 525 3369 Ε,

409 248 522 307 176
915 263 1205 306 srssounum
1246 265 1297 304 B.
1340 264 1404 304 Μ.
1444 264 1499 306 v.

402 474 511 531 gne
553 456 847 525 credimuS,
875 455 1079 513 laetari
1107 455 1348 513 Mariam
1374 454 1597 513 laetitia
1618 456 2010 524 inenarrabili,

402 557 592 614 anima
631 555 690 613 et
730 569 960 626 corpore
1001 555 1058 611 in
1088 554 1232 612 Filio
1263 554 1509 626 proprio,
1539 570 1662 612 cum
1694 554 1839 614 Filio
1882 573 2012 628 pro-

404 655 545 727 pri0,
568 671 675 725 ,per
702 653 908 710 Filium
938 653 1248 725 proprium,
1278 668 1378 710 nec
1405 653 1583 710 ullam
1621 654 1778 726 sequi
1819 649 2011 712 corru-

403 752 613 826 ptionis
641 767 985 819 aerumnam,
1016 767 1184 823 quam
1228 750 1456 809 tantum
1485 751 1691 809 Filium
1736 752 2012 824 pariendo

402 852 562 909 nulla
584 849 775 908 secuta
797 849 886 907 est
906 848 1258 922 integritatis
1286 848 1572 922 corruptio
1599 848 1688 924 (1)
1711 873 1766 908 2.
1799 850 2014 909 Secun-

403 949 534 1007 dum
576 947 681 1006 hoc
720 964 853 1021 ergo
895 947 1078 1004 Maria
1105 948 1219 1004 iam
1247 947 1428 1005 dicere
1456 947 1677 1019 potest:
1706 948 2013 1018 Refloruit

400 1064 538 1105 caro
578 1062 742 1117 mea5
781 1047 840 1104 et
882 1046 1184 1103 secundum
1225 1045 1329 1104 hoc
1357 1045 1528 1103 etiam
1570 1045 1764 1104 florem
1806 1046 1866 1104 et
1893 1046 2011 1105 fru-

402 1145 557 1204 ctum
600 1146 768 1203 simul
810 1143 1010 1202 habet:
1054 1143 1267 1212 florem,
1309 1145 1557 1217 inquam,
1601 1146 1854 1217 corporis
1882 1146 2013 1218 glo-

403 1243 609 1302 rificati
637 1243 695 1301 et
735 1242 982 1301 fructum
1025 1242 1264 1315 spiritus
1294 1242 1633 1312 beatificati3
1675 1242 1868 1301 florem
1899 1243 2011 1301 uti·

400 1359 506 1416 que
546 1344 605 1400 in
668 1342 917 1415 gloriosa
977 1342 1229 1414 corporis
1271 1340 1708 1414 pulchritudine,
1755 1341 2010 1400 fructum

402 1457 534 1501 vero
575 1443 634 1499 in
677 1440 1016 1513 voluptuosa
1045 1439 1136 1515 (2)
1180 1440 1400 1499 animae
1441 1439 1810 1498 beatitudine.

564 1539 891 1599 Notandum
933 1539 1125 1597 autem
1166 1538 1272 1608 est,
1316 1539 1461 1612 quod
1504 1539 1810 1596 secundum
1868 1555 2011 1611 qua-

404 1639 712 1711 druplicem
782 1637 975 1696 florem
1045 1637 1395 1709 praedictum
1461 1636 1637 1710 Virgo
1667 1637 1757 1711 (3)
1822 1637 2010 1695 Maria

400 1737 823 1813 quadruplicem
868 1736 1036 1796 simul
1093 1737 1296 1796 habuit
1356 1736 1548 1796 fiorem
1601 1735 1659 1795 et
1719 1735 2006 1795 fructum:

402 1837 571 1895 simul
613 1853 854 1910 namque
894 1836 1096 1895 habuit
1138 1837 1330 1896 florem
1373 1835 1740 1909 viryinitatis
1794 1834 1854 1893 et
1892 1835 2011 1893 fru-

399 2064 582 2108 oenseo,
618 2049 816 2096 Mariam
848 2049 897 2096 in
922 2048 1110 2097 Christo
1133 2052 1183 2097 et
1215 2050 1338 2110 apud
1360 2048 1599 2097 Christum
1632 2063 1761 2096 esse:
1796 2048 1848 2095 in
1872 2047 2009 2096 Chri·

399 2133 493 2190 sto,
528 2130 637 2188 quia
670 2132 725 2176 in
756 2132 865 2189 ipso
896 2131 1104 2177 vivimus
1136 2135 1184 2176 et
1217 2144 1463 2177 movemur
1489 2135 1537 2177 et
1560 2145 1729 2177 sumu-s
1765 2130 1894 2190 (Act.
1925 2130 2008 2189 17,

398 2212 506 2270 28);
543 2211 665 2271 apud
699 2210 969 2269 Christum„
991 2212 1051 2257 ad
1084 2210 1282 2268 gloriam
1322 2209 1627 2259 aeternitatis
1669 2215 1932 2259 assumtam
1956 2230 2006 2259 »-

399 2318 460 2326 -
492 2292 591 2337 Hoc
623 2292 674 2337 et
706 2305 903 2348 sequens
934 2291 1306 2338 additamentum
1339 2291 1541 2338 habetur
1573 2293 1674 2339 loco
1706 2294 1822 2339 nota
1853 2293 1883 2338 5
1915 2292 2006 2340 cit.

526 2372 570 2430 1)
606 2371 838 2419 Vaticana
860 2372 1017 2419 addit:
1051 2390 1074 2415 ‹
1097 2386 1215 2429 quae
1236 2372 1437 2418 omnium
1472 2372 1703 2430 integram
1725 2373 2008 2431 perfectam·

397 2466 485 2511 que
518 2452 684 2510 genuit
715 2452 889 2507 vitam;
925 2452 992 2500 sit
1024 2467 1126 2501 cum
1159 2453 1244 2500 illo
1276 2466 1408 2510 quem
1443 2452 1491 2499 in
1537 2467 1621 2500 suo
1652 2453 1804 2510 gessit
1840 2456 2004 2509 utero;

396 2532 463 2580 sit
496 2534 618 2594 apud
651 2533 783 2581 illum
817 2532 902 2579 illa
936 2547 1053 2591 quae
1086 2533 1270 2593 genuit,
1305 2533 1426 2581 fovit
1457 2535 1507 2580 et
1538 2533 1679 2592 aluit,
1720 2533 1809 2581 illa
1849 2536 2009 2583 Maria

397 2614 482 2662 Dei
514 2613 741 2673 genitriX,
777 2614 862 2661 Dei
883 2614 1225 2674 ministratrix,
1251 2614 1335 2662 Dei
1367 2614 1536 2662 nutrix
1567 2617 1617 2661 et
1649 2614 1734 2662 Dei
1767 2616 2005 2664 secutrix.

398 2697 464 2744 De
495 2710 586 2754 qua
619 2695 729 2753 quia
761 2694 904 2742 aliter
936 2695 1134 2755 sentire,
1170 2709 1307 2754 quam
1348 2696 1466 2756 dixi,
1511 2710 1603 2743 non
1652 2697 1815 2755 debeo,
1859 2697 2008 2746 aliter

397 2777 551 2825 dicere
584 2791 675 2826 non
709 2791 951 2837 praesumo
973 2796 1023 2824 ι.

523 2859 572 2917 2)
610 2857 650 2904 Δ
682 2859 958 2916 fructuosa.

527 2938 574 2998 3)
610 2939 647 2984 Β
667 2937 700 2986 C
732 2939 895 2998 virga.
