2237 3481
407 259 525 319 200
912 276 1205 321 spncumm
1245 278 1297 320 B.
1340 277 1404 321 M.
1447 275 1498 322 v.

404 467 550 542 ctus,
608 470 741 542 quia
802 469 1128 528 benedictus
1188 471 1277 528 est
1337 471 1457 529 eius
1518 470 1757 530 fructus,
1820 472 2009 531 Maria

403 567 569 636 enim,
612 566 840 636 fratre&
883 567 972 625 est
1031 585 1168 641 ager
1230 568 1326 626 ille
1367 568 1709 638 benedictus,
1765 569 1833 628 de
1894 587 2009 643 quo

403 663 611 723 dicitur
652 664 885 737 Genesis
928 667 1197 740 vigesimo
1238 666 1478 740 septimo
1509 666 1631 742 (1):
1660 667 1831 740 Ecce,-
1859 667 2010 726 odor

401 761 518 832 filii
567 763 681 820 mei
740 764 892 822 sicut
944 763 1089 822 odor
1145 765 1281 837 ayri
1324 764 1511 838 pleni,
1563 765 1659 825 'cui
1715 764 2011 823 benedixit

401 860 716 918 Dominus.
759 860 840 918 De
869 860 972 919 hoc
999 860 1201 919 beatus
1226 861 1605 936 Hieronymus
1634 861 1724 936 (2)
1766 861 1853 919 ait
1890 864 2004 920 sic:

415 979 445 1007 α
474 956 626 1016 Bene
666 974 807 1031 ayer
853 958 1070 1031 plenus
1123 959 1346 1028 dicitur,
1401 961 1533 1032 quia
1588 959 1772 1016 Maria
1818 959 2009 1031 plena

401 1056 606 1128 qratia
647 1056 1070 1128 pronuntiatur,
1112 1056 1180 1115 de
1223 1059 1381 1116 cuius
1436 1057 1596 1117 utero
1644 1058 2007 1117 credentibus

321 1231 325 1235 Δ
401 1152 621 1211 fructus
663 1153 815 1212 vitae
845 1154 1118 1227 processit
1139 1178 1196 1211 ».
1218 1154 1265 1213 Ο
1286 1172 1416 1214 vere
1443 1172 1581 1229 ager
1610 1172 1780 1228 super
1809 1172 2007 1214 omnes

399 1267 570 1324 agros
610 1251 934 1311 benedictus
963 1252 1199 1325 propter
1239 1252 1515 1311 fructum!
1562 1252 1609 1311 Ο
1651 1269 1782 1311 vere
1821 1253 2007 1312 mater

401 1365 573 1422 super
615 1366 806 1408 omnes
846 1349 1060 1408 matres
1122 1351 1424 1422 benedicta,
1470 1350 1705 1425 propter
1761 1351 2004 1410 Filium!

401 1447 703 1505 secundum
745 1448 892 1521 quod
935 1448 1104 1506 etiam
1134 1448 1455 1507 exclamans
1494 1448 1696 1507 beatus
1726 1449 2008 1524 Augusti-

302 1608 305 1609 7
399 1562 508 1603 nus
539 1545 628 1620 (3)
668 1545 782 1603 ait:
835 1568 865 1597 e:
891 1545 937 1604 O
979 1546 1186 1604 femina
1216 1563 1386 1619 super
1412 1546 1650 1605 feminas
1677 1546 2001 1606 benedicta!

398 1658 543 1715 quae
583 1643 768 1722 virum
810 1644 1034 1702 omnino
1062 1659 1176 1702 non
1205 1644 1365 1702 novit
1392 1643 1450 1703 et
1477 1645 1662 1703 virum
1702 1660 1805 1703 suo
1843 1644 2005 1703 utero

397 1740 761 1801 circumdedit
789 1766 844 1798 n.
873 1776 954 1785 —
980 1742 1138 1811 Ecce,
1169 1743 1427 1813 vidimuS,
1458 1760 1489 1803 ο
1518 1743 1847 1802 dulcissima
1883 1743 2006 1801 Ma-

397 1841 502 1908 ria,
543 1842 676 1913 quia
717 1840 783 1898 tu
825 1840 1058 1913 propter
1100 1841 1453 1900 benedictum
1497 1841 1742 1901 fructum
1781 1842 2004 1901 ventris

397 1937 483 1995 tui
525 1955 585 1997 es
627 1956 756 1997 vere
797 1939 1089 1998 benedicta
1131 1939 1510 2000 benedictione
1552 1941 1745 1999 divina
1808 1942 1867 1999 et
1910 1958 2007 1999 an-

396 2038 576 2111 gelica
617 2038 675 2096 et
713 2038 982 2096 humana.
1023 2038 1181 2097 Heu!
1227 2055 1395 2112 quam
1434 2039 1601 2113 longe
1642 2040 1716 2099 ab
1756 2040 1875 2099 ista
1920 2040 2008 2099 be-

395 2136 707 2195 nedictione
749 2136 964 2194 Mariae
1026 2137 1163 2195 sunt
1204 2139 1300 2210 qui
1352 2137 1586 2210 propter
1640 2138 2005 2197 maledictum

394 2233 642 2292 fructum
685 2237 870 2308 operis
913 2236 1000 2294 sui
1030 2235 1473 2295 maledictionem
1516 2236 1821 2294 incurrunt
1869 2238 2007 2296 divi-

395 2348 547 2401 nam,
589 2333 902 2405 angelicam
945 2332 1003 2391 et
1058 2332 1383 2403 humanam,
1446 2333 1578 2391 dum
1641 2334 1929 2394 maledicti
1971 2352 2005 2393 a

395 2428 528 2499 Deo,
560 2430 841 2489 maledicti
866 2432 940 2488 ab
969 2431 1207 2504 angeliS,
1237 2431 1520 2491 maledicti
1561 2431 1633 2490 ab
1675 2431 2004 2492 hominibus

395 2527 564 2585 erunt
603 2529 663 2586 in
705 2529 1017 2588 aeternum.

522 2776 567 2836 1)
603 2777 738 2823 Vers.
773 2776 854 2823 27.

517 2857 570 2915 2)
604 2855 759 2915 Epist.
795 2855 881 2903 cit.
918 2870 966 2903 n.
1006 2856 1081 2903 11.
1855 2905 1872 2914 l

296 2955 303 2956 ff
392 2977 425 3014 ss
520 2936 568 2996 3)
604 2935 761 2983 Sermo
798 2936 903 2983 119.
938 2937 1139 2996 append.
1179 2936 1320 2997 (alias
1353 2938 1401 2986 9.
1437 2938 1495 2987 de
1527 2940 1709 3000 Temp.)
1746 2954 1795 2987 u.
1833 2940 1880 2988 3.
