2237 3481
888 265 1085 308 an'mo
1127 265 1266 308 xv11.
1757 252 1873 310 253

280 456 339 514 id
379 454 470 513 est
521 455 588 513 de
643 453 854 513 virtute
916 454 987 513 ad
1042 453 1334 525 virtutem,
1376 455 1444 513 de
1505 457 1755 530 exemplo
1803 457 1875 515 ad

280 554 596 629 exemplum
621 552 743 629 (1);
786 540 1036 612 discurre
1078 555 1316 612 maxime
1358 571 1528 626 super
1589 554 1739 613 hunc
1780 554 1874 615 flo-

281 671 419 722 rem,
460 653 519 710 in
564 668 673 726 quo
700 653 950 711 invenies
979 653 1163 710 totum
1193 653 1376 710 mellis
1405 653 1580 711 divini
1608 653 1876 727 fructum,

280 767 453 824 super
492 751 654 808 illum
683 750 875 823 utique
916 749 1129 819 florem,
1159 751 1255 823 qui
1283 751 1371 808 est
1398 749 1502 810 flos
1542 751 1600 809 et
1626 750 1873 822 fructus3

279 850 349 908 de
389 865 498 922 quo
559 848 760 907 beatus
811 847 1146 907 Ambrosius
1170 849 1257 924 (2)
1301 849 1467 907 dicit:
1520 872 1549 901 α
1576 850 1710 909 Flos
1760 850 1876 908 Ma-

280 949 398 1006 riae
440 946 702 1008 Christus
743 947 848 1016 est,
892 947 987 1021 qui
1040 945 1221 1005 veluti
1282 946 1460 1006 bonae
1500 947 1720 1006 arboris
1761 948 1876 1006 fru-

278 1047 406 1106 ctus
465 1061 568 1118 pro
630 1045 858 1104 nostrae
910 1061 1174 1119 processu
1228 1044 1462 1104 virtutis
1502 1063 1652 1104 nunc
1692 1045 1873 1114 floret,

278 1160 430 1203 nunc
488 1142 796 1202 fructificat
837 1145 896 1200 in
937 1143 1100 1202 nobis
1126 1167 1182 1200 a».
1244 1143 1606 1213 Laboremu8‚
1650 1143 1876 1213 fratreS‚

278 1236 417 1300 bene
460 1257 562 1314 pro
602 1241 707 1301 hoc
747 1239 954 1310 fructu,
985 1242 1116 1314 quia
1148 1240 1430 1299 bonorum
1461 1242 1730 1300 laborum
1754 1241 1876 1316 ylo-

277 1341 474 1399 riosus
513 1342 599 1399 esi
635 1337 884 1409 fructus.
927 1338 1058 1397 Non
1101 1356 1235 1412 ergo
1278 1356 1751 1413 quorumcumque
1790 1341 1877 1398 la-

276 1439 496 1508 borum,
540 1438 637 1496 sed
679 1437 906 1495 tantum
948 1436 1221 1496 bonorum
1255 1437 1510 1496 laborum
1541 1438 1628 1495 est
1655 1437 1876 1497 fructus

274 1537 412 1607 iste;
444 1553 554 1596 non
584 1537 731 1594 enim
773 1536 862 1593 est
888 1536 1113 1595 illorum
1144 1535 1419 1605 laborum,
1448 1536 1514 1594 de
1543 1536 1745 1609 quibus
1789 1537 1874 1595 di-

154 1674 161 1675 e
274 1635 423 1694 citur
451 1634 770 1706 Sapientiae
798 1633 968 1692 tertio
993 1633 1107 1709 (3):
1144 1631 1509 1705 Sapientiam
1537 1635 1640 1706 qui
1670 1635 1875 1692 abiicit

276 1735 334 1792 et
372 1731 746 1806 disciplinam
786 1729 996 1802 infelix
1036 1733 1137 1805 est,
1180 1734 1236 1790 et
1289 1747 1475 1790 vacua
1515 1734 1599 1791 esi
1637 1748 1764 1804 spes
1807 1732 1872 1791 il-

277 1833 472 1892 lorwm
511 1834 568 1890 et
607 1832 832 1890 labores
872 1832 997 1889 sine
1037 1828 1257 1900 fructu.
1299 1830 1387 1889 Sic
1438 1831 1613 1904 igitur
1655 1830 1875 1889 fructus

275 1931 386 1990 iste
426 1930 752 1989 benedictus
779 1930 867 1989 est
896 1929 1270 1988 exercentium
1301 1946 1360 1987 se
1385 1930 1446 1987 in
1490 1928 1634 1989 bono
1675 1930 1874 1988 contra

275 2030 542 2088 acediam.
585 2028 662 2086 Et
716 2028 836 2088 ideo
896 2029 1079 2087 Maria
1143 2044 1312 2101 super
1373 2044 1565 2086 omnes
1619 2027 1873 2087 homines

275 2128 388 2186 fuit
426 2126 530 2186 hoe
573 2126 763 2185 fructu
803 2126 1155 2200 dignissima,
1198 2127 1330 2199 quia
1359 2142 1528 2199 super
1557 2140 1748 2184 omnes
1775 2125 1876 2185 ho-

276 2228 457 2284 mines
498 2227 556 2283 in
619 2225 764 2284 bono
825 2225 937 2283 fuit
990 2225 1474 2292 exercitatissima‚
1533 2225 1680 2282 sicut
1732 2223 1872 2282 bene

275 2324 527 2384 ostendit
565 2324 717 2383 Beda
742 2324 851 2399 (4),
893 2325 989 2397 qui
1033 2341 1203 2396 super
1244 2323 1347 2383 hoe
1390 2322 1589 2381 verbo:
1634 2323 1872 2396 Μαρκί-

274 2423 415 2494 sicat
468 2423 668 2481 anima
723 2439 850 2480 mea
911 2422 1255 2494 Dominam,
1299 2421 1515 2479 inducit
1569 2422 1752 2494 ipsam
1795 2423 1874 2479 sic

274 2521 625 2594 loquentem:
679 2544 708 2572 <x
736 2521 938 2580 Totum
980 2521 1154 2578 animi
1195 2520 1456 2579 affectum
1519 2522 1577 2578 in
1639 2520 1873 2594 agendis

402 2772 447 2830 1)
482 2770 536 2818 In
568 2770 608 2817 A
642 2772 776 2817 adest
808 2784 1001 2830 parvum
1035 2771 1084 2816 et
1114 2768 1325 2829 ineptum
1358 2768 1746 2816 additamentum.

396 2851 447 2909 2)
482 2851 543 2898 II.
579 2850 628 2897 in
662 2851 772 2898 Luc.
809 2864 857 2897 n.
895 2849 973 2897 24.
1532 2849 1580 2908 3)
1617 2849 1752 2895 Vers.
1795 2849 1868 2895 11.

398 2931 448 2989 4)
482 2931 521 2977 Ι.
558 2931 608 2978 in
641 2932 753 2978 Luc.
789 2946 830 2978 c.
873 2931 914 2976 1.
