2237 3481
831 277 1032 324 memo
1073 276 1191 324 xrv.
1698 257 1813 321 201

377 473 568 532 Tertio
611 471 863 545 pensate,
909 471 1207 541 carissimi,
1250 470 1523 544 quomodo
1558 487 1687 529 vere
1729 470 1825 529 be-

214 570 442 630 nedicta
483 570 562 628 sit
601 571 785 628 Maria
828 569 1062 643 propter
1115 569 1556 628 multitudinem
1603 569 1822 627 miseri-

215 668 453 727 cordiae
492 684 652 727 suae.
692 669 833 741 Ipsa
873 685 1114 741 namque
1177 685 1277 740 per
1332 668 1490 725 illam
1543 666 1701 725 Ruth
1756 667 1826 724 si-

213 766 452 841 gnatur,
495 765 562 824 de
602 783 715 839 qua
755 765 961 825 dicitur
989 763 1111 840 (1):
1156 763 1476 823 Benedicta
1516 780 1575 824 es
1625 782 1664 823 a
1704 765 1825 822 Do·

215 864 401 936 mino,
443 862 594 937 fiilia,
637 863 778 935 quia
813 863 1081 935 priorem
1136 862 1598 939 misericordiam
1636 865 1826 934 poste·

215 963 377 1020 riore
415 960 748 1034 superasti!
789 962 976 1019 Prior
1016 961 1231 1019 Mariae
1271 960 1680 1020 misericordia
1717 960 1827 1018 fuit

218 1075 391 1132 quam
433 1057 703 1128 exhibuit,
765 1058 899 1117 dum
960 1058 1145 1117 adhuc
1198 1058 1418 1117 viveret
1467 1061 1526 1116 in
1584 1059 1825 1128 mund03

206 1156 512 1229 posterior
550 1172 682 1217 vero
735 1157 855 1215 eius
910 1156 1292 1216 misericordia
1346 1155 1437 1214 est
1490 1173 1658 1229 quam
1715 1157 1826 1214 iam

218 1253 468 1326 amplius
530 1271 698 1326 quam
740 1255 895 1313 mille
935 1254 1206 1314 ducentos
1247 1270 1428 1313 annos
1468 1254 1722 1313 exhibuit
1762 1255 1829 1313 de
1859 1301 1877 1324 .

220 1352 397 1410 caelo.
425 1351 728 1411 -Posterior
768 1352 963 1425 utique
1004 1354 1270 1425 priorem
1324 1353 1642 1425 superavit,
1696 1353 1829 1425 quia

218 1448 337 1507 ista
376 1449 535 1506 illam
591 1449 1011 1508 multitudinem
1070 1449 1567 1509 innumerabilium
1622 1449 1832 1508 benefi-

219 1547 436 1605 ciorum
464 1549 723 1606 excessit.
751 1548 888 1617 Quis
916 1548 1219 1607 aestimare
1250 1549 1450 1621 possit,
1480 1565 1647 1624 quam
1676 1549 1832 1606 inae-

221 1644 588 1704 stimabiliter
648 1645 830 1703 Maria
891 1646 1127 1719 propter
1189 1646 1625 1705 misericordiam
1669 1662 1831 1704 suam

223 1743 303 1801 sit
344 1743 654 1814 benedicta,
696 1761 823 1804 cum
862 1745 1297 1804 inaestimabilis
1334 1746 1412 1804 sit
1453 1748 1573 1804 eius
1615 1746 1833 1804 miseri-

225 1841 458 1902 cordia?
499 1843 576 1900 Et
616 1844 743 1917 quis
797 1843 1099 1904 aestimare
1142 1845 1349 1917 potest,
1392 1861 1561 1917 quam
1605 1845 1831 1903 inaesti-

223 1939 452 1998 mabilis
513 1940 593 1999 sit
645 1941 858 1999 Mariae
915 1943 1314 2012 misericordia,
1373 1943 1606 2016 propter
1660 1959 1831 2015 quam

223 2039 352 2112 ipsa
416 2038 535 2096 tam
595 2039 1088 2098 inaestimabiliter
1149 2040 1239 2099 est
1298 2040 1619 2099 benedicta!
1682 2040 1864 2099 Hinc·

229 2135 435 2194 beatus
462 2136 791 2195 Bernardus
822 2137 910 2213 (2)
942 2139 1282 2207 exclamans
1312 2138 1477 2196 dicit:
1518 2161 1548 2190 α
1577 2137 1714 2208 Quis
1737 2139 1835 2196 mi-

225 2233 561 2292 sericordiae
600 2234 752 2304 tuae,
809 2251 842 2293 o
884 2235 1195 2305 benedicta,
1242 2236 1688 2310 louqitudinem,
1745 2235 1835 2294 la-

225 2330 558 2404 titudinem
618 2331 1041 2391 sublimitatem
1109 2332 1168 2391 et
1217 2332 1696 2406 profunditatem
1740 2333 1830 2410 (3)

224 2429 400 2502 queat
438 2429 785 2504 investigare
806 2454 836 2483 »
856 2432 883 2487 Ρ
909 2430 1215 2490 Benedicta
1242 2448 1376 2505 ergo
1405 2431 1494 2489 est
1519 2432 1703 2491 Maria
1732 2449 1835 2506 pro

225 2526 533 2599 multiplici
572 2528 972 2599 misericordia,
1001 2545 1173 2602 quam
1212 2530 1325 2587 iam
1353 2529 1519 2589 homo
1547 2530 1749 2604 recipit
1778 2530 1836 2588 et

356 2776 404 2837 1)
441 2776 572 2823 Ruth
606 2776 652 2834 3,
691 2775 766 2822 10.

350 2858 401 2916 2)
438 2856 585 2904 Serm.
620 2856 669 2903 4.
705 2855 756 2903 in
789 2855 1000 2905 Assumt.
1036 2857 1092 2904 B.
1130 2857 1195 2905 M.
1232 2858 1290 2906 V.
1327 2873 1375 2905 n.
1412 2858 1460 2905 8.

300 2963 309 2970 ι
353 2937 402 2994 3)
439 2936 561 2995 Eph.
598 2936 646 2995 3,
686 2936 761 2982 18.
