2237 3481
371 257 450 314 30
879 273 1170 316 srncunuu
1211 275 1260 315 B.
1308 275 1373 316 u.
1415 276 1468 317 v.

369 464 523 522 sicut
560 480 692 522 cera
732 481 770 522 a
808 462 958 534 facie
997 465 1154 538 iynis
1180 464 1291 539 (1),
1321 464 1651 539 ubicumque
1678 466 1979 525 inveniunt

368 561 621 621 crebram
664 562 834 621 huius
890 564 1134 622 nominis
1193 563 1650 633 recordationem,
1715 564 1975 624 devotam

367 660 796 729 invocationem,
859 661 1159 719 sollicitam
1222 661 1594 720 imitationem
1622 684 1679 720 ».
1747 695 1828 705 —
1886 663 1979 722 Sic

368 775 503 833 ergo
545 758 718 826 videS,
775 760 1079 829 carissime,
1136 759 1408 832 quomodo
1450 759 1633 818 Maria
1686 761 1774 819 est
1813 778 1975 819 mare

369 857 602 930 propter
667 858 1018 917 affluentiam
1083 875 1218 916 suae
1281 858 1626 931 repletioniS,
1702 861 1976 933 quomodo

366 948 549 1014 Maria
590 957 678 1015 est
719 974 930 1015 amara
959 956 1193 1030 propter
1220 957 1628 1016 vehementiam
1667 958 1976 1018 dominicae

372 1056 673 1128 passioniS,
736 1056 1008 1129 quomodo
1040 1092 1041 1095 =
1070 1056 1252 1114 Maria
1323 1056 1412 1114 est
1471 1072 1635 1114 mare
1702 1074 1977 1116 amarum

369 1153 602 1226 propter
646 1154 978 1227 potentiam‘
999 1154 1303 1213 diabolicae
1345 1154 1763 1216 submersionis

526 1251 944 1325 consequenter
971 1253 1448 1326 ,considerandum
1479 1253 1584 1323 est,
1614 1254 1761 1326 quod
1788 1253 1976 1312 Maria

365 1350 779 1422 interpretatur
818 1351 991 1409 stella
1039 1353 1246 1410 maris.
1287 1352 1409 1410 Hoc
1448 1351 1657 1424 optime
1710 1353 1977 1411 convenit

365 1448 596 1518 Mariae,
640 1466 782 1522 quae
821 1449 973 1523 gerit
1014 1449 1256 1509 officium
1300 1450 1499 1508 stellae
1554 1451 1821 1508 marinae.
1871 1450 1976 1509 Le-

364 1547 523 1620 gitur
562 1548 710 1606 enim
752 1547 810 1606 et
870 1564 1063 1606 verum
1128 1547 1233 1616 est,
1290 1548 1436 1621 quod
1486 1548 1791 1606 nautarum
1847 1565 1973 1607 mos

365 1644 470 1713 est,
512 1644 597 1714 ut,
640 1661 761 1703 cum
805 1646 864 1703 in
906 1646 1155 1719 aliquam
1197 1646 1407 1704 terram
1450 1647 1721 1719 navigare
1782 1645 1976 1718 dispo—

363 1744 528 1812 nunt,
570 1761 744 1802 unum
807 1744 963 1803 sidus
1023 1745 1262 1818 eligunt,
1325 1746 1483 1803 cuius
1536 1746 1699 1818 signo
1738 1745 1974 1818 luceque

361 1842 638 1912 radiante,
678 1844 736 1899 in
778 1860 901 1901 eam
929 1859 1096 1915 quam
1127 1842 1448 1900 desiderant
1483 1843 1704 1915 partem
1747 1843 1975 1915 possint

363 1941 482 1998 sine
523 1956 711 1999 errore
751 1940 968 1999 adduci.
1011 1940 1148 1999 Tale
1175 1940 1325 1999 certe
1367 1940 1455 1998 est
1482 1940 1724 1999 officium
1767 1941 1972 2000 stellae

361 2037 591 2096 nostrae
632 2038 863 2108 Mariae,
906 2055 1048 2111 quae
1089 2039 1429 2112 navigantes
1458 2055 1558 2112 per
1585 2055 1738 2097 mare
1767 2040 1965 2097 mundi

362 2138 419 2194 in
475 2138 608 2194 navi
661 2137 1011 2196 innocentiae
1066 2138 1156 2195 vel
1213 2138 1589 2211 poenitentiae
1643 2137 1841 2211 dirigit
1893 2138 1970 2196 ad

360 2234 501 2292 litus
542 2235 800 2293 caelestis
851 2236 1088 2308 patriae.
1145 2235 1388 2308 Propter
1441 2235 1546 2294 hoo
1598 2235 1737 2294 bene
1792 2235 1972 2319 1nno-

362 2333 580 2391 centius
620 2334 703 2390 ait
747 2335 854 2392 sic:
909 2356 939 2385 α
968 2334 1183 2403 Quibus
1224 2335 1450 2392 auxiliis
1492 2334 1732 2407 possunt
1791 2350 1971 2393 naves

361 2430 511 2489 inter
552 2431 640 2490 tot
681 2432 930 2505 pericula
971 2433 1320 2505 pertransire
1360 2449 1536 2505 usqne
1576 2432 1649 2490 ad
1689 2432 1830 2490 litus
1872 2449 1971 2506 pa—

362 2529 548 2587 triae?
596 2529 778 2600 Certe,
840 2530 1042 2604 inquit,
1109 2547 1209 2603 per
1268 2530 1407 2589 duo:
1473 2548 1573 2603 per
1633 2531 1851 2604 lignum
1909 2532 1971 2590 et

362 2628 609 2699 stellam,
650 2628 707 2686 id
749 2628 836 2687 est
878 2635 977 2701 per
1017 2628 1183 2687 fidem
1226 2631 1406 2688 crucis
1461 2630 1518 2688 et
1559 2628 1834 2688 virtutem
1876 2630 1971 2689 lu-

491 2862 535 2919 1)
571 2862 744 2908 Psalm.
780 2862 859 2919 67,
896 2861 950 2909 3:
988 2860 1122 2909 Sicut
1147 2860 1253 2909 fluit
1275 2876 1380 2909 cera
1403 2876 1431 2909 a
1454 2860 1574 2909 facie
1596 2860 1741 2922 igme,
1768 2862 1838 2911 sic
1861 2877 1964 2924 per·

126 2935 307 3026 axz·
361 2945 474 2989 eant
506 2945 774 3002 peccatores
807 2957 835 2990 a
869 2942 988 2990 facie
1020 2943 1123 2991 Dei.

372 3201 377 3208 ¹
416 3209 421 3216 ο

446 3259 449 3266 ι

446 3287 453 3296 ι

462 3339 469 3346 ι
