2237 3481
315 275 419 316 vm
956 274 1288 316 PRAEFATIO.

317 464 563 549 primus
609 482 817 531 sermo
884 464 961 531 de
1032 464 1423 532 Assumtione
1470 462 1534 528 B.
1585 464 1659 528 Μ.
1711 463 1779 528 V.
1831 463 1917 530 in-

317 578 411 637 ter
474 589 795 639 sermones
857 572 933 638 fr.
985 571 1247 638 Conradi
1319 570 1397 637 de
1466 570 1757 649 Saxonia,
1805 570 1912 655 qui

315 677 495 744 nobis
527 678 587 744 in
620 677 884 745 diversis
915 678 1234 745 codicibus
1258 678 1353 762 (1)
1392 677 1622 745 saeculi
1658 676 1805 742 XlV.
1855 684 1916 743 et

317 785 439 852 XV.
475 785 595 851 sub
627 784 825 869 ipsius
855 785 1107 852 nomine
1155 785 1560 851 exhibentur.
1598 783 1708 850 Cui
1742 800 1916 850 acce-

314 892 426 971 dit,
452 891 617 977 quod
653 899 873 958 auctor
900 892 1129 958 horum
1165 909 1528 958 sermonum
1564 890 1800 975 pluries
1832 890 1915 956 le-

315 1006 552 1064 ctorem
590 998 852 1065 remittit
883 997 957 1064 ad
994 998 1353 1083 Speculum,
1378 1004 1440 1065 et
1463 997 1632 1083 quod
1664 996 1915 1064 eaedem

315 1104 676 1183 sententiae,
723 1104 936 1171 eadem
989 1105 1181 1171 verba
1228 1105 1285 1171 S.
1322 1104 1684 1189 Scripturae
1723 1110 1785 1170 et
1832 1121 1913 1169 ss.

317 1218 566 1296 patrum
616 1210 676 1275 in
727 1218 1002 1296 utroque
1050 1210 1212 1276 libro
1260 1216 1657 1294 repetuntur.

495 1321 535 1400 g
582 1320 643 1384 2.
703 1317 792 1382 De.
854 1317 1155 1383 auctoris
1215 1317 1375 1382 vica.
1451 1355 1537 1365 -—
1607 1318 1780 1401 Quae
1840 1317 1918 1382 de

314 1424 591 1492 auctoris
654 1424 779 1490 vita
841 1424 1122 1490 invenire
1186 1423 1530 1508 potuimus,
1578 1423 1654 1490 ad
1721 1441 1917 1508 pauca

315 1531 731 1598 reducuntur.
781 1531 840 1597 Si
890 1531 1094 1616 primo
1143 1531 1278 1596 loco
1311 1530 1584 1596 codices
1646 1530 1916 1596 consuli-

315 1656 478 1718 muS,
511 1645 732 1705 auctor
765 1638 827 1731 iri
862 1637 1013 1722 ipsis
1060 1638 1422 1704 nominatur
1470 1637 1793 1703 conradus
1840 1636 1918 1703 de

442 1908 487 1967 1)
522 1906 713 1955 Scilicet
750 1907 792 1952 1.
818 1906 1095 1962 Admonui,
1129 1905 1349 1953 biblioth.
1376 1907 1654 1963 monaster„
1677 1905 1779 1951 cod.
1809 1904 1913 1952 197.

314 1988 469 2034 chart.
506 1987 555 2034 in
589 1986 673 2034 fol.
710 2000 833 2033 saec.
870 1986 996 2032 XIV.
1032 2012 1093 2020 —
1126 1986 1174 2033 2.
1210 1987 1412 2043 Assisii,
1446 1984 1669 2033 biblioth.
1705 1984 1915 2042 civitat„

313 2069 414 2114 cod.
450 2067 559 2114 464.
597 2068 789 2113 membr.
826 2079 948 2113 saec.
986 2066 1113 2113 XIV.
1139 2092 1201 2101 —
1225 2067 1270 2113 3.
1295 2066 1599 2113 Frideslarii
1630 2065 1679 2112 in
1722 2064 1915 2124 Hassia,

313 2146 534 2195 biblioth.
569 2146 792 2204 ecclesiae
825 2146 874 2193 S.
900 2146 1048 2203 Petri,
1073 2148 1176 2193 cod.
1207 2148 1249 2193 1.
1274 2146 1324 2193 in
1347 2147 1394 2193 8.
1419 2147 1612 2193 membr.
1638 2160 1761 2193 saec.
1786 2146 1913 2192 XIV.

313 2255 374 2262 —
390 2227 437 2274 4.
461 2229 676 2284 (ilie-seue,
695 2226 915 2274 biblioth.
936 2226 1166 2285 univers.‚
1185 2228 1286 2273 cod.
1308 2226 1416 2273 847.
1437 2227 1592 2273 chart.
1619 2225 1667 2272 in
1687 2226 1768 2273 fol.
1792 2238 1914 2273 saec.

312 2308 418 2354 XV.
453 2334 515 2342 —
547 2308 594 2353 5.
622 2306 775 2355 Codex
806 2306 1027 2353 biblioth.
1055 2307 1351 2365 Hafnieneis
1375 2306 1501 2365 (vide
1523 2305 1649 2352 infra
1675 2306 1915 2352 elenchum

312 2387 559 2447 codicum).
595 2413 658 2423 —
691 2388 738 2434 6.
781 2387 970 2445 Leodii,
1013 2386 1237 2434 biblioth.
1286 2385 1546 2444 seminarii,
1590 2386 1691 2433 cod.
1737 2386 1793 2432 G.
1834 2386 1914 2432 20.

312 2468 470 2515 chart.
515 2469 565 2514 et
605 2467 795 2514 membr.
840 2481 964 2514 saec.
1010 2468 1114 2514 XV.
1159 2466 1344 2513 ineunt.
1395 2493 1456 2500 —
1501 2468 1546 2513 7.
1590 2466 1814 2525 Lipsiae,
1850 2466 1915 2512 bi-

313 2548 483 2595 blioth.
522 2548 738 2606 Paulina,
773 2549 874 2595 cod.
914 2549 1020 2595 735.
1057 2549 1250 2594 membr.
1286 2546 1335 2593 in
1369 2547 1416 2593 4.
1452 2560 1597 2606 parvo
1629 2560 1752 2593 saec.
1785 2546 1913 2593 XIV.

314 2655 373 2663 —
415 2630 462 2675 8.
498 2629 771 2686 Monachii,
813 2628 1035 2676 biblioth.
1080 2627 1232 2686 regia,
1278 2628 1379 2674 cod.
1429 2627 1597 2675 14397.
1650 2627 1779 2686 (olim
1823 2628 1914 2673 Ra-

313 2708 488 2756 tisbon.
525 2709 573 2757 S.
609 2709 827 2756 Emeran.
865 2709 994 2769 397.)
1030 2709 1221 2755 membr.
1257 2708 1307 2755 in
1341 2708 1423 2755 sol.
1459 2721 1605 2767 parvo
1637 2721 1761 2754 saec.
1786 2708 1914 2754 XIV.

311 2817 373 2825 —
406 2791 453 2837 9.
489 2791 709 2848 Prayae,
743 2789 966 2836 biblioth.
1002 2778 1357 2849 capituli‚’cod.
1384 2789 1440 2834 A.
1467 2787 1637 2836 CXIX.
1674 2789 1829 2835 chart.
1866 2788 1915 2835 in

314 2871 398 2918 sol.
434 2885 556 2918 saec.
593 2871 698 2917 XV.
734 2897 795 2905 —
832 2871 906 2917 10.
949 2870 1183 2928 Taurini,
1216 2869 1438 2917 biblioth.
1475 2869 1703 2928 universe„
1729 2870 1830 2916 cod.
1857 2869 1914 2916 D.

312 2953 393 2999 IV.
433 2952 506 2999 15.
546 2951 675 3010 (olim
710 2951 841 3011 842.)
878 2952 1068 3000 membr.
1094 2951 1145 2998 in
1166 2951 1214 2998 4.
1240 2965 1363 2999 saec.
1389 2950 1516 2998 XIV.
1542 2949 1667 2997 circa
1698 2949 1915 2997 medium.
