2237 3481
392 231 506 296 266
901 248 1191 297 spncnmm
1232 250 1284 295 Β.
1327 247 1388 294 Μ.
1431 247 1483 295 v.

392 444 459 504 Si
498 436 699 518 utique
737 448 824 504 est
862 443 1091 515 fractus
1132 446 1308 518 iastO,
1342 446 1544 518 atique
1584 448 1670 504 est
1695 445 1860 503 Deus
1903 447 1999 502 ia-

389 546 593 604 diccms
645 562 739 603 eos
788 546 852 602 in
909 549 1104 614 terra‚·
1169 567 1198 595 α
1226 560 1340 617 eos,
1396 545 1454 601 id
1509 544 1598 602 est
1658 544 1905 602 iniustos
1935 568 1994 617 ι»,

389 645 537 703 sicut
577 645 807 716 exponit
862 643 1064 703 Glossa
1094 641 1205 718 (1).
1262 643 1517 701 Iniustos
1556 659 1799 717 namque
1847 643 1997 701 iudi-

388 743 541 802 cabit
583 743 731 801 Deus
773 745 836 800 in
881 745 1055 815 terra,
1099 742 1233 800 dum
1269 743 1326 799 in
1368 742 1570 800 iudicio
1610 741 1748 799 iusti
1776 743 1834 799 in
1863 747 1996 800 aere

388 843 576 910 erunt,
631 841 828 899 iniusti
891 857 1022 899 vero
1084 842 1142 898 in
1206 841 1362 898 terra
1412 840 1802 907 remanebunt,
1858 841 1996 912 quia

387 941 630 998 terrenis
670 939 868 998 contra
918 940 1096 997 Deum
1139 938 1536 1007 adhaeserunt,
1578 937 1661 995 ita
1703 939 1770 995 ut
1810 937 1996 996 dicere

389 1038 622 1110 possent
651 1038 772 1113 (2):
803 1036 1095 1097 Adhaesit
1133 1038 1197 1095 in
1230 1040 1388 1095 terra
1412 1039 1608 1094 venter
1633 1039 1849 1095 noster.
1879 1036 1994 1096 Do-

388 1138 575 1194 minus
616 1153 749 1209 ergo
790 1136 971 1205 Iesus,
1015 1136 1162 1193 sicut
1190 1136 1382 1208 utique
1424 1135 1512 1192 est
1539 1132 1758 1193 fructus
1797 1137 1993 1193 suavis

386 1235 554 1302 iuste,
600 1236 680 1292 sic
718 1235 911 1307 utique
961 1235 1124 1292 iudex
1179 1234 1288 1292 erit
1340 1235 1536 1307 gravis
1590 1234 1822 1292 iniusto.
1872 1234 1992 1293 Vae

387 1351 520 1407 ergo
560 1335 640 1391 eis
668 1334 762 1406 qui
799 1333 1045 1391 fructum
1074 1332 1194 1390 tam
1225 1333 1619 1390 suavissimum
1648 1332 1993 1391 convertunt

387 1432 494 1490 sibi
536 1433 592 1489 in
637 1432 899 1489 iudicium
942 1431 1057 1489 tam
1102 1431 1539 1500 amarissimum,
1583 1431 1730 1489 sicut
1784 1431 1992 1489 dicitur

387 1531 561 1589 Amos
604 1531 760 1589 sexto
792 1530 912 1605 (3):
976 1528 1352 1588 Convertistis
1406 1530 1470 1586 in
1532 1529 1991 1587 amaritudinem

388 1629 671 1687 iudicium
732 1632 786 1686 et
845 1627 1101 1698 fractum
1156 1628 1418 1685 iustitiae
1465 1628 1531 1685 in
1590 1627 1990 1701 absynthium.

385 1727 648 1786 Fructus
709 1726 986 1799 iustitiae,
1031 1725 1252 1785 fructus
1301 1725 1469 1797 iusti3
1526 1725 1747 1784 fructus
1802 1726 1991 1787 iustus

385 1825 475 1884 est
514 1824 733 1884 fructus
754 1826 986 1896 Mariae,
1031 1826 1097 1883 de
1140 1843 1249 1898 quo
1289 1824 1440 1883 certe
1468 1824 1668 1882 beatus
1710 1824 1992 1899 Hierony-

388 1941 513 1982 mus
538 1925 627 1998 (4)
658 1925 770 1982 ait:
813 1948 840 1975 c<
862 1924 1085 1982 Iustum
1114 1922 1377 1994 fractum
1402 1923 1560 1983 dedit
1588 1925 1766 1996 terra,
1791 1923 1988 1998 Virg0‚

386 2023 518 2095 quia
558 2024 774 2082 veritas
815 2023 883 2081 de
926 2026 1088 2080 terra
1130 2025 1265 2080 orta
1308 2025 1394 2081 est
1418 2046 1472 2079 ».

544 2120 728 2188 Sexto,
771 2121 1067 2188 carissimi,
1108 2122 1459 2202 necessariqs
1488 2118 1577 2176 est
1617 2118 1839 2178 fructus
1866 2120 1988 2177 Ma-

385 2220 501 2276 riae
545 2219 871 2276 benedictus
912 2219 984 2276 ad
1024 2218 1451 2290 elonqatione‘m
1491 2218 1608 2275 sive
1635 2217 1707 2274 ad
1749 2217 1989 2276 declina·

385 2318 593 2376 tionem
627 2332 850 2389 poenae
887 2316 1232 2390 yehennalis
1274 2317 1390 2373 sive
1433 2317 1632 2373 mortis
1660 2317 1988 2384 aeternali&

385 2416 451 2473 de
494 2429 602 2488 quo
644 2430 918 2487 exponere
980 2429 1280 2486 possumus
1336 2413 1482 2487 quod
1536 2414 1742 2472 dicitur
1797 2414 1990 2487 quarti

515 2684 559 2742 1)
597 2682 725 2729 Petri
743 2681 992 2728 Lombardi
1012 2681 1062 2728 in
1085 2682 1208 2728 hunc
1231 2683 1378 2728 locum
1398 2681 1541 2728 dicit:
1570 2681 1658 2728 «id
1674 2685 1750 2728 est
1771 2684 1985 2729 malos».

508 2764 558 2822 2)
595 2764 767 2809 Psalm.
803 2762 883 2820 43,
919 2763 996 2808 25.
1648 2761 1696 2820 3)
1734 2762 1868 2809 Vers.
1911 2764 1985 2810 13.

508 2845 558 2904 4)
596 2843 691 2890 Cfr.
729 2843 941 2890 Breviar.
978 2843 1025 2889 in
1069 2844 1244 2890 Psalm.
1292 2842 1438 2902 (inter
1479 2857 1617 2903 opera
1661 2842 1901 2902 Hieron.),
1940 2845 1988 2891 in

292 2947 333 2960 ‘u
423 2938 465 2973 s.
502 2925 579 2984 66,
620 2926 663 2970 7.
700 2927 750 2970 et
784 2924 861 2983 84,
902 2924 975 2970 12.
1013 2937 1109 2982 seq.
