2237 3481
888 262 1088 304 Lsc'mo
1131 262 1233 304 vn.
1786 243 1862 301 97

246 453 606 527 plenitudine
667 454 874 512 mentis
914 456 1035 513 eius
1092 454 1492 513 fecundaretur
1532 452 1590 511 et
1630 468 1758 511 earo
1800 470 1867 512 ac

244 553 431 626 Virgo
473 553 751 626 singulari
792 553 984 626 gratia
1025 553 1256 611 eandem
1299 553 1481 624 ipsam
1525 550 1864 624 sapientiam

244 668 421 710 carne
484 651 689 710 tectam
750 652 994 725 pareret,
1036 669 1205 732 quam
1257 653 1417 725 prius
1473 650 1658 709 mente
1720 666 1865 724 pura

243 750 586 822 conceperat
614 774 670 808 ».

413 848 664 907 Secundo
704 850 1138 919 consideremus,
1169 850 1464 917 carissimi,
1508 848 1655 921 quod
1697 848 1865 920 plena
1967 905 1970 908 ,

243 946 340 1005 esf,
378 946 564 1003 Maria
607 946 993 1006 inundatione
1032 948 1270 1021 qratiae
1310 948 1370 1005 in
1412 946 1637 1006 affectu.
1677 946 1864 1004 Tanta

243 1059 452 1115 nempe
491 1044 806 1114 inundatio,
837 1044 1003 1102 tanta
1047 1044 1406 1117 profundissas
1446 1043 1504 1103 et
1534 1045 1863 1118 magnitudo

240 1141 473 1215 gratiae
514 1142 572 1199 in
614 1143 799 1201 Maria
840 1142 967 1210 fuit,
1010 1143 1076 1201 ut
1120 1142 1258 1201 bene
1294 1144 1419 1216 ipsa
1449 1160 1601 1201 mare
1633 1144 1862 1216 plenum

241 1240 355 1298 diei
400 1239 601 1312 possit,
645 1240 804 1299 iuxta
845 1241 986 1299 illud
1032 1241 1199 1314 primi
1241 1241 1715 1314 Paralipomenon
1769 1241 1864 1299 de-

242 1340 392 1397 cimo
456 1338 614 1398 sexto
646 1337 769 1413 (1):
826 1341 1010 1398 Tonet
1058 1356 1221 1397 mare
1261 1343 1316 1398 et
1345 1339 1655 1412 plenitudo
1718 1340 1861 1398 eius.

247 1437 413 1495 Sicut
453 1436 513 1494 in
557 1438 698 1494 mari
741 1454 1039 1510 aquarum,
1084 1439 1164 1495 sic
1204 1439 1262 1495 in
1306 1438 1489 1495 Maria
1546 1437 1682 1495 suut
1737 1454 1862 1496 eon·

241 1535 612 1608 gregationes
673 1536 1026 1608 gratiarum3
1070 1536 1218 1593 unde
1275 1536 1552 1608 scriptum
1617 1535 1706 1593 esi
1735 1536 1857 1610 (2):

251 1629 751 1706 Oonyreyationes
795 1650 1085 1705 aquarum
1130 1634 1450 1706 appellavit
1501 1634 1718 1691 maria.
1753 1634 1861 1691 Di-

241 1731 399 1790 citur
439 1747 658 1804 quoque
697 1730 1074 1790 Ecclesiastae
1115 1733 1299 1805 primo
1330 1732 1451 1808 (3):
1498 1730 1712 1791 Omnia
1753 1732 1857 1804 flu·

240 1829 417 1887 mina
477 1829 715 1890 intrant
772 1830 838 1887 in
897 1846 1078 1888 mare.
1138 1829 1356 1889 Omnia
1415 1831 1668 1901 flumina
1723 1832 1861 1889 sunt

241 1928 439 1986 omnia
477 1927 798 1999 gratiarum
841 1928 1005 1996 dona,
1049 1945 1192 2002 quae
1235 1928 1601 1987 intraverunt
1641 1931 1700 1988 in
1737 1930 1861 1987 Ma-

241 2026 412 2095 riam,
442 2026 600 2083 iuxta
628 2026 769 2083 illud
799 2026 1181 2084 Ecclesiastici
1205 2027 1478 2106 yigesimo
1506 2025 1711 2100 quai-izo
1734 2027 1856 2102 (4):

242 2125 329 2183 In
368 2140 456 2181 me
499 2124 692 2182 omnis
728 2127 932 2198 qratia
977 2127 1105 2183 viae
1130 2125 1218 2199 (5)
1250 2128 1304 2183 et
1337 2126 1623 2199 veritatis,
1663 2127 1731 2184 in
1771 2142 1861 2183 me

240 2222 440 2280 omnis
486 2224 625 2294 spes
671 2223 823 2279 vitae
864 2225 919 2280 et
957 2224 1215 2281 virtutis.
1259 2223 1441 2293 Quam
1497 2225 1724 2296 plenum
1782 2224 1859 2281 sit

239 2320 351 2378 hoo
393 2337 567 2388 mare,
610 2338 780 2394 quam
825 2321 992 2393 plena
1033 2322 1226 2394 gratia
1285 2322 1363 2379 sit
1410 2322 1611 2390 Maria,
1655 2323 1855 2381 beatus

240 2419 628 2491 Hieronymus
659 2418 748 2493 (6)
820 2420 1027 2492 aperit,
1097 2420 1317 2478 dicens:
1391 2443 1420 2472 α
1448 2421 1599 2478 Bene
1668 2422 1856 2493 plena,

375 2683 422 2742 1)
458 2683 594 2730 Vers.
631 2683 709 2730 32.
1454 2688 1502 2747 2)
1538 2686 1655 2734 Gen.
1695 2687 1737 2746 1,
1778 2688 1853 2735 10.

370 2764 420 2824 3)
455 2764 593 2811 Vers,
632 2766 677 2812 7.
1511 2767 1561 2827 4)
1602 2769 1736 2817 Vers.
1772 2770 1852 2817 25.

368 2844 420 2903 5)
458 2843 492 2891 C
525 2845 656 2891 vitae
665 2860 686 2902 ;
720 2845 808 2892 cfr.
846 2860 955 2906 pag.
992 2846 1071 2906 27,
1108 2847 1225 2893 nota
1257 2846 1305 2893 2.

369 2924 421 2984 6)
456 2922 615 2984 Epist.
649 2924 734 2973 cit.
771 2939 820 2973 n.
856 2926 904 2972 5.

1703 3029 1728 3076 7
