2237 3481
858 283 1067 332 ,necno
1107 284 1226 331 x1v.
1736 269 1854 331 199

242 477 542 537 benedicta
582 494 642 536 es
694 479 830 535 ante
871 480 1141 550 partum,
1197 475 1433 548 propter
1484 475 1713 548 partum
1758 476 1858 534 be·

242 576 471 635 nedicta
525 593 586 634 es
628 577 692 634 in
721 578 928 648 partu,
978 574 1214 647 propter
1270 574 1499 647 partum
1563 573 1855 633 benedicta

243 691 306 733 es
339 677 482 746 post
505 676 773 745 partum.
803 672 947 731 Vere
975 672 1284 742 benedicta,
1314 688 1456 745 quae
1499 673 1579 731 sic
1623 670 1854 744 partum

242 771 515 841 effudisti,
558 772 707 845 quod
748 770 881 829 ante
926 770 1154 843 partum
1185 770 1243 828 et
1271 770 1403 843 post
1431 770 1658 843 partum
1689 771 1853 844 virgo

243 869 632 943 permansisti,
675 867 734 927 et
773 868 895 927 ideo
924 869 1224 941 praecipue
1266 868 1557 927 benedicta
1596 868 1706 927 dici
1736 885 1852 926 me-

245 966 437 1035 rnisti,
481 967 615 1039 quia
653 982 767 1024 non
808 965 1087 1023 hominem
1146 982 1370 1038 purum,
1412 982 1527 1024 non
1587 965 1853 1040 angelum

242 1081 463 1133 verum,
507 1064 605 1122 sed
645 1063 934 1122 hominum
970 1062 1029 1121 et
1053 1063 1390 1136 angelorum
1420 1063 1721 1137 Dominum
1764 1080 1855 1136 pe-

244 1160 468 1235 peristi.
497 1161 743 1234 Propter
768 1161 917 1234 quod
938 1160 1079 1219 bene
1104 1159 1190 1219 ait
1209 1161 1364 1219 Beda
1387 1159 1476 1237 (1)
1507 1163 1616 1220 sic:
1658 1184 1688 1213 α
1708 1160 1854 1220 Vere

240 1259 537 1319 benedic-ta
578 1261 638 1317 in
679 1259 1012 1317 mulieribus
1053 1275 1198 1332 quae
1256 1260 1376 1317 sine
1427 1259 1680 1333 exemplo
1736 1276 1855 1318 mu-

239 1357 440 1416 liebris
480 1356 817 1416 conditionis
857 1374 983 1416 cum
1026 1356 1221 1416 decore
1260 1356 1612 1430 virginitatis
1651 1359 1852 1431 gavisa

244 1454 338 1514 est
379 1455 591 1514 honore
647 1455 922 1528 parentio,
963 1454 1220 1528 quodque
1276 1454 1518 1513 matrem
1558 1455 1852 1528 Virginem

239 1552 493 1622 decebat,
524 1552 719 1610 ‘Deum
760 1551 819 1609 et
859 1551 961 1610 Dei
1003 1552 1212 1610 Filium
1256 1552 1577 1624 procreavit
1600 1575 1629 1604 »
1645 1596 1658 1609 .

404 1650 572 1720 Item,
602 1651 897 1719 carissimi,
934 1649 1228 1708 benedicta
1258 1649 1490 1723 propter
1520 1650 1733 1724 prolem
1764 1649 1855 1709 est

239 1750 428 1809 Maria
469 1766 580 1808 non
629 1750 810 1808 solum
867 1767 902 1807 a
945 1749 1185 1808 Domino
1232 1748 1669 1808 benedictionem
1734 1751 1854 1808 eius

239 1849 534 1921 operante,
578 1864 690 1906 non
720 1848 902 1905 solum
931 1846 1003 1905 ab
1030 1847 1234 1920 angelo
1262 1846 1701 1905 benedictionem
1732 1849 1853 1905 eius
1893 1851 1896 1854 ’

238 1945 566 2014 nuntiante,
611 1947 707 2004 sed
747 1945 918 2004 etiam
982 1946 1056 2003 ab
1122 1945 1352 2003 homine
1412 1945 1851 2004 benedictionem

238 2047 363 2103 eius
406 2043 804 2118 prophetante,
850 2044 996 2102 sicut
1038 2043 1200 2117 patet
1240 2045 1296 2102 in
1351 2043 1665 2114 Elisabeth,
1709 2062 1852 2117 quae

238 2142 573 2201 exsultante
614 2142 678 2199 in
716 2145 882 2199 utero
923 2144 1048 2201 eius
1076 2140 1323 2216 infante,
1364 2142 1588 2214 repleta
1618 2140 1851 2214 Spiritu

236 2242 447 2300 sancto
494 2239 886 2313 prophetando
948 2241 1303 2310 exclamavit,
1347 2239 1536 2298 dicens
1567 2239 1693 2315 (2):
1743 2241 1853 2298 Be·

236 2340 471 2397 mediata
513 2342 577 2396 tu
619 2339 772 2396 inter
812 2338 1100 2410 mulieres,
1145 2339 1198 2394 et
1239 2338 1569 2398 benedictus
1621 2336 1851 2408 fructus

237 2438 462 2495 ventris
506 2436 607 2494 tui.
653 2436 788 2494 Ideo
830 2436 1023 2509 utique
1087 2435 1396 2505 benedicta,
1452 2438 1586 2509 quia
1628 2436 1852 2495 benedi-

237 2538 371 2593 ctus
411 2531 646 2603 fructus
684 2535 904 2592 ventris
948 2533 1053 2606 tui,
1097 2532 1246 2591 sicut
1285 2550 1423 2607 ager
1463 2534 1585 2593 ideo
1625 2534 1851 2593 benedi-

371 2784 417 2843 1)
452 2782 628 2831 Homil.
663 2782 715 2830 in
748 2782 871 2829 festo
903 2782 1117 2829 Annunt.
1148 2783 1203 2828 B.
1230 2782 1293 2829 M.
1322 2782 1401 2841 V.,
1425 2780 1519 2829 int.
1554 2781 1716 2829 homil.
1751 2782 1848 2829 hie·

237 2865 355 2912 mal.
393 2864 449 2910 de
483 2862 692 2910 Sanctis.

366 2945 417 3004 2)
454 2944 567 2991 Luc.
607 2943 652 3003 1,
687 2942 766 2989 42.
