2237 3481
432 256 545 314 166
936 273 1225 315 SPECULUM
1265 273 1316 315 B.
1358 247 1421 315 iu.
1463 274 1520 316 v.

427 465 574 522 sicut
613 464 752 522 bene
793 464 860 521 de
899 463 990 521 his
1031 463 1265 522 floribus
1305 464 1511 522 dicitur
1554 463 1917 522 canticorum
1948 481 2030 522 se·

426 564 605 622 eundo
629 561 748 637 (1):
794 563 931 620 Iam
994 562 1178 621 hiems
1240 563 1498 635 transiit,
1541 562 1724 620 imber
1764 562 1914 620 abiit
1974 565 2031 621 et

424 662 673 730 recessit,
735 661 908 731 flores
968 663 1379 732 apparuerwnt
1438 661 1505 717 in
1574 663 1735 718 terra
1794 663 2024 719 nostra.

431 761 719 818 Transeat
757 776 890 832 ergo
932 758 1131 831 hiems,
1175 758 1435 816 transeat
1499 758 1697 829 torpor
1735 758 1797 817 et
1840 759 2027 831 tepor,

426 874 535 930 quo
575 857 786 915 caritas
829 854 1162 929 refrigeseit,
1206 856 1263 913 et
1306 857 1441 915 tunc
1499 857 1556 914 in
1621 857 1777 914 terra
1838 857 2029 915 cordis

425 956 594 1026 flores
636 954 913 1013 virtutum
957 955 1341 1026 apparebunt.
1383 953 1429 1013 O
1470 955 1745 1027 quantum
1791 954 2031 1012 floribus

428 1055 587 1127 virgo
630 1053 828 1112 florida
868 1053 1199 1122 abundavit,
1228 1053 1375 1111 teste
1403 1053 1567 1112 beato
1595 1053 1888 1112 Bernardo
1914 1054 2028 1127 (2),

427 1153 521 1225 qui
562 1154 743 1225 ipsam
787 1152 1080 1225 alloquens
1107 1151 1219 1209 ait:
1273 1174 1303 1203 ‹<
1330 1151 1412 1209 Tu
1442 1151 1777 1210 Sanctorum
1822 1151 2030 1209 areola

427 1253 756 1308 aromatum
775 1249 863 1325 (3)
887 1267 924 1308 a
943 1249 1170 1308 caelesti
1192 1250 1409 1308 consita
1432 1250 1827 1323 pigmentari0‚
1849 1250 2032 1307 virtu-

428 1349 549 1406 tum
593 1350 841 1407 omnium
882 1348 1115 1407 floribus
1157 1347 1566 1406 delectabiliter
1607 1340 1855 1410 vei-nans
1886 1365 1948 1406 es
1970 1370 2029 1404 ».

425 1447 579 1505 Sicut
619 1447 809 1505 autem
853 1464 952 1519 per
994 1446 1161 1506 flores
1203 1446 1466 1514 virtutes,
1509 1446 1592 1503 ita
1650 1463 1751 1518 per
1792 1443 2030 1515 fruetus

426 1563 596 1619 opera
639 1546 915 1626 virtutum
961 1546 1295 1619 signantur3
1339 1545 1405 1602 de
1441 1544 1536 1602 his
1577 1545 1717 1603 bene
1744 1544 2028 1603 Matthaei

427 1646 666 1717 septimo
690 1644 778 1719 (4)
822 1644 1057 1704 dicitur:
1102 1643 1162 1702 A
1202 1642 1495 1713 fructibus
1556 1658 1756 1701 eorum
1818 1658 2028 1716 coqne-

423 1745 591 1804 seetis
630 1761 742 1803 eos.
785 1743 1016 1813 Quando
1078 1760 1214 1817 ergo
1274 1744 1329 1801 in
1395 1742 1708 1802 virtutibus
1749 1743 1809 1800 et
1847 1742 2032 1800 virtu-

424 1843 546 1900 tum
589 1842 851 1914 operibus
893 1859 994 1913 per
1033 1842 1289 1913 exempla
1332 1841 1390 1898 et
1426 1840 1630 1898 merita
1657 1840 1874 1898 Mariae
1903 1857 2032 1913 pro-

427 1941 664 2009 ficimuS,
705 1941 842 1998 tunc
903 1942 1068 2013 virga
1126 1941 1316 2013 lignea
1379 1938 1579 1998 florida
1629 1939 1687 1996 et
1727 1939 2031 1998 fructifera

426 2039 587 2098 nobis
628 2038 716 2097 est
755 2039 930 2112 Virgo
972 2039 1173 2096 Maria.

582 2138 749 2207 Item,
794 2117 968 2210 Virgo
1009 2137 1192 2195 Maria
1221 2136 1310 2194 est
1347 2136 1521 2210 virya
1549 2152 1734 2194 aurea
1745 2133 2035 2207 perfectis

423 2237 481 2295 et
520 2236 1007 2308 contemplativis;
1050 2236 1116 2293 de
1157 2235 1265 2292 hac
1293 2236 1454 2308 virga
1480 2234 1693 2307 legitur
1716 2233 1828 2309 (5),
1858 2235 2034 2307 quod,

422 2352 549 2393 cum
591 2335 798 2392 Esther
840 2351 965 2391 cum
1006 2332 1226 2391 duabus
1269 2333 1475 2405 puellis
1523 2332 1782 2405 ingressa
1830 2332 1906 2389 ad
1948 2350 2036 2391 re-

421 2450 546 2507 gem
590 2433 901 2491 Assuerum
942 2448 1078 2504 prae
1118 2432 1291 2490 nimio
1347 2430 1579 2503 stupore
1615 2445 1768 2503 pene
1822 2431 2036 2489 exani-

553 2700 597 2760 1)
634 2701 768 2748 vers·
810 2699 882 2747 11.
917 2712 1016 2757 seq.

546 2782 596 2840 2)
631 2781 850 2839 Egbert„
887 2782 977 2828 loc.
1013 2779 1098 2828 cit.
1135 2794 1183 2826 n.
1217 2779 1269 2826 4.

508 2894 511 2895 γ
548 2861 594 2921 3)
631 2861 770 2908 Cant.
804 2862 852 2918 5,
893 2860 966 2908 13.
1525 2920 1528 2923 Ι
1679 2858 1731 2918 4)
1768 2857 1907 2906 Vers.
1950 2859 2032 2907 16.

546 2942 596 3000 5)
631 2940 770 2988 Esth.
812 2940 885 2999 15,
919 2941 966 2986 5.
1003 2941 1053 2987 et
1085 2955 1131 2988 v.
1173 2941 1247 2987 17.
1282 2942 1332 2987 et
1369 2940 1443 2986 15.
