2237 3481
110 2912 381 3023 Ἥ

387 239 464 299 82
895 256 1186 299 spucumm
1226 256 1278 297 B.
1322 256 1385 298 M.
1427 256 1483 298 v.

387 451 504 508 riae
545 450 905 523 privilegium
947 449 1052 518 est,
1096 450 1243 522 quod
1286 450 1412 521 ipsa
1454 466 1626 522 super
1667 464 1861 507 omnes
1900 448 2001 508 ho-

387 550 568 607 mines
610 548 684 606 ab
714 549 877 606 omni
892 550 1133 620 peccato
1162 547 1272 605 fuit
1288 548 1641 621 purissima.
1670 547 1807 606 Fuit
1834 565 1996 605 nam-

388 664 496 721 que
537 647 598 706 in
639 647 801 705 utero
845 647 964 704 tam
1005 647 1385 718 copiosissime
1428 646 1803 715 sanctificata,
1848 645 2003 719 quod

390 746 562 806 etiam
623 746 696 804 ad
759 746 976 804 veniale
1040 744 1330 818 peccatum
1393 761 1684 818 nunquam
1746 744 2004 803 creditur

389 845 565 904 fuisse
604 846 663 903 in
705 843 829 903 tota
877 844 999 901 vita
1053 861 1158 901 sua
1204 844 1498 901 inclinata.
1540 843 1702 902 Unde
1756 844 2004 901 Bernar-

390 944 497 1002 dus
526 942 649 1019 (1):
701 966 731 994 «
759 942 978 1011 Decuit‚
1021 943 1275 1016 reginam
1331 922 1618 1015 virginum
1682 942 2004 1015 singularis

391 1042 688 1116 privilegio
730 1040 1056 1100 sanctitatis
1095 1041 1309 1114 absque
1348 1042 1499 1099 omni
1541 1041 1769 1114 peccato
1799 1042 2007 1100 ducere

393 1142 590 1210 vitam,
633 1158 775 1214 quae
817 1141 948 1198 dum
993 1140 1206 1213 peccati
1248 1140 1557 1213 mortisque
1601 1139 1830 1213 pareret
1880 1157 2009 1213 per·

393 1240 722 1314 emptorem,
765 1258 972 1298 munus
1013 1239 1164 1298 vitae
1206 1240 1264 1297 et
1292 1239 1544 1298 iustitiae
1574 1256 1677 1312 pro
1709 1240 1798 1314 (2)
1829 1242 2010 1299 omni·

392 1339 500 1398 bus
539 1338 820 1399 obtineret
847 1362 905 1395 ».
932 1371 1014 1381 -
1040 1338 1351 1396 Secundum
1395 1338 1609 1396 Mariae
1638 1338 2003 1412 privilegium

393 1438 500 1506 est,
543 1438 690 1511 quod
730 1439 857 1510 ipsa
901 1454 1073 1509 super
1116 1452 1308 1495 omnes
1350 1436 1606 1495 homines
1655 1436 1744 1494 est
1795 1438 2011 1510 qratia

384 1536 769 1609 plenissema,-
809 1536 956 1593 unde
997 1536 1377 1609 Hieronymus
1407 1534 1529 1610 (3):
1583 1557 1613 1586 «
1644 1534 1860 1593 Ceteris
1903 1552 2011 1607 per

397 1634 594 1709 partes
644 1633 990 1707 praestatur,
1033 1633 1247 1691 Mariae
1308 1649 1440 1692 vero
1497 1650 1555 1691 se
1618 1632 1743 1692 tota
1793 1633 2012 1691 infudit

399 1732 690 1807 plenitudo
743 1732 965 1806 gratiae
993 1756 1051 1790 ».
1093 1731 1171 1790 Et
1225 1731 1345 1790 ideo
1408 1731 1548 1790 bene
1597 1732 1743 1790 idem
1803 1731 2013 1792 beatus

399 1832 607 1892 Doctor
646 1831 895 1906 gratiam
938 1832 1152 1889 Mariae
1200 1830 1422 1903 gratiae
1484 1831 1818 1904 angelorum
1882 1846 2014 1890 eon·

398 1914 585 1990 ferens
625 1930 685 1989 et
727 1930 1066 2002 praeferens,
1122 1928 1205 1988 ait
1236 1928 1357 2004 (4):
1418 1952 1448 1980 α
1478 1928 1714 1987 Beatam
1768 1929 1828 1986 et
1882 1930 2015 2004 glo-

400 2031 608 2088 riosam
650 2028 943 2101 Virginem
971 2027 1211 2084 Mariam
1241 2027 1577 2084 credendum
1608 2027 1698 2091 est
1723 2028 2015 2099 ampliora

401 2129 777 2200 promeruisse
812 2125 1087 2194 virtutum
1122 2126 1419 2198 privilegia
1447 2124 1505 2183 et
1534 2127 1853 2198 percepisse
1881 2143 2017 2200 gra-

401 2227 543 2284 tiam
574 2226 744 2284 etiam
774 2225 846 2282 ab
875 2224 1094 2297 angelis
1136 2223 1516 2283 collaudatam
1545 2247 1603 2281 ».
1644 2258 1725 2267 —
1752 2224 2014 2282 Tertium

400 2325 615 2382 Mariae
658 2324 1016 2396 privilegium
1059 2323 1165 2391 est,
1210 2322 1356 2395 quod
1398 2323 1524 2394 ipsa
1566 2322 1688 2381 sola
1730 2326 1924 2380 mater
1962 2326 2020 2381 et

400 2424 568 2497 viryo
609 2421 1126 2494 incorruptissima
1167 2421 1274 2478 est.
1315 2421 1437 2479 Hoc
1479 2421 1838 2494 privilegium
1881 2421 2019 2480 bea-

403 2521 500 2580 tus
541 2520 868 2580 Bernartius
898 2519 987 2595 (5)
1030 2519 1444 2588 commendanS,
1481 2519 1593 2576 ait:
1647 2541 1677 2570 «
1713 2518 2019 2592 Optimam

533 2771 579 2831 1)
612 2769 770 2830 Epist.
810 2769 915 2817 174.
952 2783 1000 2815 n.
1036 2769 1084 2814 5.
1559 2767 1609 2826 2)
1646 2766 1679 2814 C
1712 2765 1835 2826 legit
1860 2784 2018 2829 prae.

531 2853 578 2912 3)
613 2851 770 2912 Epist.
806 2850 854 2897 9.
889 2863 938 2897 n.
974 2849 1022 2896 5.
1486 2847 1536 2908 4)
1572 2848 1681 2894 Loo.
1718 2846 1806 2895 eit.
1845 2863 1897 2896 u.
1940 2850 2019 2897 15.

530 2935 580 2994 5)
615 2933 762 2980 Serm.
797 2931 846 2979 4.
881 2931 930 2977 in
963 2930 1174 2977 Assumt.
1209 2929 1266 2976 B.
1302 2928 1367 2975 M.
1404 2929 1461 2976 V.
1500 2944 1548 2976 n.
1584 2929 1633 2976 5.

397 3212 571 3374 Ε·

542 3334 561 3373 ,ὲ
