<?xml version="1.0" encoding="UTF-8"?>
<!DOCTYPE html PUBLIC "-//W3C//DTD XHTML 1.0 Transitional//EN"
    "http://www.w3.org/TR/xhtml1/DTD/xhtml1-transitional.dtd">
<html xmlns="http://www.w3.org/1999/xhtml" xml:lang="en" lang="en">
 <head>
  <title>
</title>
<meta http-equiv="Content-Type" content="text/html;charset=utf-8" />
  <meta name='ocr-system' content='tesseract 3.04.00' />
  <meta name='ocr-capabilities' content='ocr_page ocr_carea ocr_par ocr_line ocrx_word'/>
</head>
<body>
  <div class='ocr_page' id='page_1' title='image "./speculumbeataem00brungoog_0245.png"; bbox 0 0 2237 3481; ppageno 0'>
   <div class='ocr_carea' id='block_1_1' title="bbox 868 251 1843 312">
    <p class='ocr_par' dir='ltr' id='par_1_1' title="bbox 868 251 1843 312">
     <span class='ocr_line' id='line_1_1' title="bbox 868 251 1843 312; baseline 0 -3"><span class='ocrx_word' id='word_1_1' title='bbox 868 267 1068 310; x_wconf 75' lang='lat' dir='ltr'><strong><em>an&#39;no</em></strong></span> <span class='ocrx_word' id='word_1_2' title='bbox 1109 269 1226 312; x_wconf 78' lang='lat' dir='ltr'><strong><em>xw.</em></strong></span> <span class='ocrx_word' id='word_1_3' title='bbox 1730 251 1843 309; x_wconf 84' lang='lat'><strong><em>211</em></strong></span> 
     </span>
    </p>
   </div>
   <div class='ocr_carea' id='block_1_2' title="bbox 239 458 1853 2503">
    <p class='ocr_par' dir='ltr' id='par_1_2' title="bbox 239 458 1853 2503">
     <span class='ocr_line' id='line_1_2' title="bbox 244 458 1847 532; baseline 0 -15"><span class='ocrx_word' id='word_1_4' title='bbox 244 462 382 517; x_wconf 79' lang='lat' dir='ltr'><strong><em>tate.</em></strong></span> <span class='ocrx_word' id='word_1_5' title='bbox 425 458 566 531; x_wconf 86' lang='lat' dir='ltr'><strong><em>Ipsa</em></strong></span> <span class='ocrx_word' id='word_1_6' title='bbox 607 476 848 532; x_wconf 88' lang='lat' dir='ltr'><strong><em>namque</em></strong></span> <span class='ocrx_word' id='word_1_7' title='bbox 907 477 1007 532; x_wconf 92' lang='lat' dir='ltr'><strong><em>per</em></strong></span> <span class='ocrx_word' id='word_1_8' title='bbox 1069 460 1295 519; x_wconf 90' lang='lat' dir='ltr'><strong><em>domum</em></strong></span> <span class='ocrx_word' id='word_1_9' title='bbox 1351 459 1509 516; x_wconf 86' lang='lat' dir='ltr'><strong><em>illam</em></strong></span> <span class='ocrx_word' id='word_1_10' title='bbox 1566 460 1847 532; x_wconf 88' lang='lat' dir='ltr'><strong><em>signatur,</em></strong></span> 
     </span>
     <span class='ocr_line' id='line_1_3' title="bbox 240 556 1846 632; baseline 0.001 -18"><span class='ocrx_word' id='word_1_11' title='bbox 240 558 314 615; x_wconf 91' lang='lat' dir='ltr'><strong><em>de</em></strong></span> <span class='ocrx_word' id='word_1_12' title='bbox 354 573 467 629; x_wconf 85' lang='lat' dir='ltr'><strong><em>qua</em></strong></span> <span class='ocrx_word' id='word_1_13' title='bbox 509 558 679 628; x_wconf 90' lang='lat' dir='ltr'><strong><em>primi</em></strong></span> <span class='ocrx_word' id='word_1_14' title='bbox 720 556 1193 630; x_wconf 79' lang='lat' dir='ltr'>Paralipomenon</span> <span class='ocrx_word' id='word_1_15' title='bbox 1238 557 1446 616; x_wconf 90' lang='lat' dir='ltr'><strong><em>decimo</em></strong></span> <span class='ocrx_word' id='word_1_16' title='bbox 1486 557 1725 629; x_wconf 88' lang='lat' dir='ltr'><strong><em>septimo</em></strong></span> <span class='ocrx_word' id='word_1_17' title='bbox 1757 557 1846 632; x_wconf 94' lang='lat'><strong><em>(1)</em></strong></span> 
     </span>
     <span class='ocr_line' id='line_1_4' title="bbox 242 655 1851 728; baseline 0.001 -16"><span class='ocrx_word' id='word_1_18' title='bbox 242 655 486 713; x_wconf 86' lang='lat' dir='ltr'><strong><em>dicitur:</em></strong></span> <span class='ocrx_word' id='word_1_19' title='bbox 538 656 634 728; x_wconf 82' lang='lat' dir='ltr'><strong><em>Te,</em></strong></span> <span class='ocrx_word' id='word_1_20' title='bbox 676 655 948 728; x_wconf 83' lang='lat' dir='ltr'><strong><em>Domine,</em></strong></span> <span class='ocrx_word' id='word_1_21' title='bbox 990 657 1365 728; x_wconf 77' lang='lat' dir='ltr'><strong><em>benedicente,</em></strong></span> <span class='ocrx_word' id='word_1_22' title='bbox 1407 655 1698 714; x_wconf 73' lang='lat' dir='ltr'><strong><em>benedicta</em></strong></span> <span class='ocrx_word' id='word_1_23' title='bbox 1738 658 1851 714; x_wconf 76' lang='lat' dir='ltr'><strong><em>erit</em></strong></span> 
     </span>
     <span class='ocr_line' id='line_1_5' title="bbox 242 753 1847 827; baseline -0.001 -15"><span class='ocrx_word' id='word_1_24' title='bbox 242 756 310 812; x_wconf 85' lang='lat' dir='ltr'><strong><em>in</em></strong></span> <span class='ocrx_word' id='word_1_25' title='bbox 341 756 713 826; x_wconf 76' lang='lat' dir='ltr'><strong><em>perpetuum.</em></strong></span> <span class='ocrx_word' id='word_1_26' title='bbox 758 753 902 812; x_wconf 91' lang='lat' dir='ltr'><strong><em>Vere</em></strong></span> <span class='ocrx_word' id='word_1_27' title='bbox 945 755 1009 811; x_wconf 81' lang='lat' dir='ltr'><strong><em>in</em></strong></span> <span class='ocrx_word' id='word_1_28' title='bbox 1038 757 1411 827; x_wconf 76' lang='lat' dir='ltr'><strong><em>perpetuum,</em></strong></span> <span class='ocrx_word' id='word_1_29' title='bbox 1469 753 1617 811; x_wconf 86' lang='lat' dir='ltr'><strong><em>sicut</em></strong></span> <span class='ocrx_word' id='word_1_30' title='bbox 1678 755 1847 811; x_wconf 91' lang='lat' dir='ltr'><strong><em>etiam</em></strong></span> 
     </span>
     <span class='ocr_line' id='line_1_6' title="bbox 239 852 1851 927; baseline 0 -17"><span class='ocrx_word' id='word_1_31' title='bbox 239 854 301 910; x_wconf 93' lang='lat' dir='ltr'><strong><em>in</em></strong></span> <span class='ocrx_word' id='word_1_32' title='bbox 367 853 597 912; x_wconf 86' lang='lat' dir='ltr'><strong>Psalmo</strong></span> <span class='ocrx_word' id='word_1_33' title='bbox 629 852 718 927; x_wconf 85' lang='lat'><strong><em>(2)</em></strong></span> <span class='ocrx_word' id='word_1_34' title='bbox 782 852 1018 909; x_wconf 87' lang='lat' dir='ltr'><strong><em>dicitur:</em></strong></span> <span class='ocrx_word' id='word_1_35' title='bbox 1070 853 1400 924; x_wconf 76' lang='lat' dir='ltr'><strong><em>Propterea</em></strong></span> <span class='ocrx_word' id='word_1_36' title='bbox 1456 852 1746 910; x_wconf 71' lang='lat' dir='ltr'><strong><em>benedixit</em></strong></span> <span class='ocrx_word' id='word_1_37' title='bbox 1799 856 1851 910; x_wconf 75' lang='lat' dir='ltr'><strong><em>te</em></strong></span> 
     </span>
     <span class='ocr_line' id='line_1_7' title="bbox 241 951 1849 1024; baseline 0.001 -15"><span class='ocrx_word' id='word_1_38' title='bbox 241 952 408 1010; x_wconf 79' lang='lat' dir='ltr'><strong><em>Deus</em></strong></span> <span class='ocrx_word' id='word_1_39' title='bbox 447 952 513 1009; x_wconf 81' lang='lat' dir='ltr'><strong><em>in</em></strong></span> <span class='ocrx_word' id='word_1_40' title='bbox 556 954 874 1009; x_wconf 82' lang='lat' dir='ltr'><strong><em>aeternum.</em></strong></span> <span class='ocrx_word' id='word_1_41' title='bbox 917 951 1006 1008; x_wconf 87' lang='lat' dir='ltr'><strong><em>Sic</em></strong></span> <span class='ocrx_word' id='word_1_42' title='bbox 1046 966 1201 1024; x_wconf 84' lang='lat' dir='ltr'><strong><em>erge,</em></strong></span> <span class='ocrx_word' id='word_1_43' title='bbox 1230 968 1262 1009; x_wconf 92' lang='lat' dir='ltr'><strong><em>o</em></strong></span> <span class='ocrx_word' id='word_1_44' title='bbox 1305 951 1631 1009; x_wconf 87' lang='lat' dir='ltr'><strong><em>dulcissima</em></strong></span> <span class='ocrx_word' id='word_1_45' title='bbox 1673 951 1849 1024; x_wconf 88' lang='lat' dir='ltr'><strong><em>Virgo</em></strong></span> 
     </span>
     <span class='ocr_line' id='line_1_8' title="bbox 240 1049 1853 1122; baseline 0 -15"><span class='ocrx_word' id='word_1_46' title='bbox 240 1050 446 1118; x_wconf 86' lang='lat' dir='ltr'><strong><em>Maria,</em></strong></span> <span class='ocrx_word' id='word_1_47' title='bbox 490 1050 554 1107; x_wconf 91' lang='lat' dir='ltr'><strong><em>tu</em></strong></span> <span class='ocrx_word' id='word_1_48' title='bbox 597 1066 657 1107; x_wconf 90' lang='lat' dir='ltr'><strong><em>es</em></strong></span> <span class='ocrx_word' id='word_1_49' title='bbox 699 1066 827 1107; x_wconf 87' lang='lat' dir='ltr'><strong><em>vere</em></strong></span> <span class='ocrx_word' id='word_1_50' title='bbox 868 1051 928 1106; x_wconf 91' lang='lat' dir='ltr'><strong><em>in</em></strong></span> <span class='ocrx_word' id='word_1_51' title='bbox 971 1049 1303 1107; x_wconf 87' lang='lat' dir='ltr'><strong><em>mulieribus</em></strong></span> <span class='ocrx_word' id='word_1_52' title='bbox 1347 1050 1404 1107; x_wconf 91' lang='lat' dir='ltr'><strong><em>et</em></strong></span> <span class='ocrx_word' id='word_1_53' title='bbox 1448 1067 1618 1122; x_wconf 88' lang='lat' dir='ltr'><strong><em>super</em></strong></span> <span class='ocrx_word' id='word_1_54' title='bbox 1659 1049 1853 1107; x_wconf 84' lang='lat' dir='ltr'><strong><em>mulie-</em></strong></span> 
     </span>
     <span class='ocr_line' id='line_1_9' title="bbox 242 1147 1851 1221; baseline 0 -16"><span class='ocrx_word' id='word_1_55' title='bbox 242 1165 354 1216; x_wconf 81' lang='lat' dir='ltr'><strong><em>reS,</em></strong></span> <span class='ocrx_word' id='word_1_56' title='bbox 400 1149 569 1206; x_wconf 91' lang='lat' dir='ltr'><strong><em>immo</em></strong></span> <span class='ocrx_word' id='word_1_57' title='bbox 612 1147 670 1205; x_wconf 95' lang='lat' dir='ltr'><strong><em>et</em></strong></span> <span class='ocrx_word' id='word_1_58' title='bbox 711 1164 881 1219; x_wconf 90' lang='lat' dir='ltr'><strong><em>super</em></strong></span> <span class='ocrx_word' id='word_1_59' title='bbox 910 1148 1079 1219; x_wconf 82' lang='lat' dir='ltr'><strong><em>viroS‚</em></strong></span> <span class='ocrx_word' id='word_1_60' title='bbox 1109 1149 1280 1205; x_wconf 92' lang='lat' dir='ltr'><strong><em>immo</em></strong></span> <span class='ocrx_word' id='word_1_61' title='bbox 1321 1148 1491 1205; x_wconf 89' lang='lat' dir='ltr'><strong><em>etiam</em></strong></span> <span class='ocrx_word' id='word_1_62' title='bbox 1536 1165 1707 1221; x_wconf 91' lang='lat' dir='ltr'><strong><em>super</em></strong></span> <span class='ocrx_word' id='word_1_63' title='bbox 1748 1165 1851 1205; x_wconf 86' lang='lat' dir='ltr'><strong><em>an-</em></strong></span> 
     </span>
     <span class='ocr_line' id='line_1_10' title="bbox 240 1245 1849 1319; baseline 0.001 -17"><span class='ocrx_word' id='word_1_64' title='bbox 240 1246 403 1319; x_wconf 80' lang='lat' dir='ltr'><strong><em>gelos</em></strong></span> <span class='ocrx_word' id='word_1_65' title='bbox 446 1245 769 1314; x_wconf 84' lang='lat' dir='ltr'><strong><em>benedicta3</em></strong></span> <span class='ocrx_word' id='word_1_66' title='bbox 813 1245 1125 1313; x_wconf 88' lang='lat' dir='ltr'><strong><em>benedicta,</em></strong></span> <span class='ocrx_word' id='word_1_67' title='bbox 1168 1247 1416 1318; x_wconf 86' lang='lat' dir='ltr'><strong><em>inquam,</em></strong></span> <span class='ocrx_word' id='word_1_68' title='bbox 1461 1247 1693 1318; x_wconf 88' lang='lat' dir='ltr'><strong><em>propter</em></strong></span> <span class='ocrx_word' id='word_1_69' title='bbox 1737 1247 1849 1319; x_wconf 89' lang='lat' dir='ltr'><strong><em>ple-</em></strong></span> 
     </span>
     <span class='ocr_line' id='line_1_11' title="bbox 241 1343 1852 1417; baseline 0.001 -17"><span class='ocrx_word' id='word_1_70' title='bbox 241 1343 560 1401; x_wconf 90' lang='lat' dir='ltr'><strong><em>nitudinem</em></strong></span> <span class='ocrx_word' id='word_1_71' title='bbox 600 1343 841 1417; x_wconf 87' lang='lat' dir='ltr'><strong><em>gratiae,</em></strong></span> <span class='ocrx_word' id='word_1_72' title='bbox 871 1360 1039 1416; x_wconf 85' lang='lat' dir='ltr'><strong><em>quam</em></strong></span> <span class='ocrx_word' id='word_1_73' title='bbox 1069 1345 1355 1413; x_wconf 86' lang='lat' dir='ltr'><strong><em>invenisti,</em></strong></span> <span class='ocrx_word' id='word_1_74' title='bbox 1400 1344 1690 1403; x_wconf 88' lang='lat' dir='ltr'><strong><em>benedicta</em></strong></span> <span class='ocrx_word' id='word_1_75' title='bbox 1728 1361 1852 1417; x_wconf 87' lang='lat' dir='ltr'><strong><em>pro-</em></strong></span> 
     </span>
     <span class='ocr_line' id='line_1_12' title="bbox 242 1442 1852 1516; baseline 0.001 -17"><span class='ocrx_word' id='word_1_76' title='bbox 242 1443 375 1515; x_wconf 87' lang='lat' dir='ltr'><strong><em>pter</em></strong></span> <span class='ocrx_word' id='word_1_77' title='bbox 417 1442 806 1500; x_wconf 76' lang='lat' dir='ltr'><strong><em>celsitudinem</em></strong></span> <span class='ocrx_word' id='word_1_78' title='bbox 865 1459 1157 1514; x_wconf 83' lang='lat' dir='ltr'><strong><em>personae,</em></strong></span> <span class='ocrx_word' id='word_1_79' title='bbox 1215 1460 1383 1515; x_wconf 89' lang='lat' dir='ltr'><strong><em>quam</em></strong></span> <span class='ocrx_word' id='word_1_80' title='bbox 1439 1443 1707 1516; x_wconf 86' lang='lat' dir='ltr'><strong><em>genuisti,</em></strong></span> <span class='ocrx_word' id='word_1_81' title='bbox 1765 1443 1852 1500; x_wconf 88' lang='lat' dir='ltr'><strong><em>be-</em></strong></span> 
     </span>
     <span class='ocr_line' id='line_1_13' title="bbox 242 1540 1848 1614; baseline -0.001 -15"><span class='ocrx_word' id='word_1_82' title='bbox 242 1540 468 1600; x_wconf 87' lang='lat' dir='ltr'><strong><em>nedicta</em></strong></span> <span class='ocrx_word' id='word_1_83' title='bbox 498 1540 731 1613; x_wconf 90' lang='lat' dir='ltr'><strong><em>propter</em></strong></span> <span class='ocrx_word' id='word_1_84' title='bbox 759 1540 1182 1598; x_wconf 75' lang='lat' dir='ltr'><strong><em>multitudinem</em></strong></span> <span class='ocrx_word' id='word_1_85' title='bbox 1214 1541 1641 1610; x_wconf 86' lang='lat' dir='ltr'><strong><em>misericordiae,</em></strong></span> <span class='ocrx_word' id='word_1_86' title='bbox 1681 1558 1848 1614; x_wconf 91' lang='lat' dir='ltr'><strong><em>quam</em></strong></span> 
     </span>
     <span class='ocr_line' id='line_1_14' title="bbox 241 1638 1853 1712; baseline -0.001 -14"><span class='ocrx_word' id='word_1_87' title='bbox 241 1638 567 1707; x_wconf 73' lang='lat' dir='ltr'><strong><em>exhibuisti,</em></strong></span> <span class='ocrx_word' id='word_1_88' title='bbox 625 1638 914 1697; x_wconf 89' lang='lat' dir='ltr'><strong><em>benedicta</em></strong></span> <span class='ocrx_word' id='word_1_89' title='bbox 958 1640 1192 1712; x_wconf 91' lang='lat' dir='ltr'><strong><em>propter</em></strong></span> <span class='ocrx_word' id='word_1_90' title='bbox 1237 1639 1680 1712; x_wconf 77' lang='lat' dir='ltr'><strong><em>magnitudinem</em></strong></span> <span class='ocrx_word' id='word_1_91' title='bbox 1735 1639 1853 1711; x_wconf 90' lang='lat' dir='ltr'><strong><em>glo-</em></strong></span> 
     </span>
     <span class='ocr_line' id='line_1_15' title="bbox 242 1737 1850 1812; baseline -0.002 -14"><span class='ocrx_word' id='word_1_92' title='bbox 242 1740 380 1807; x_wconf 86' lang='lat' dir='ltr'><strong><em>riae,</em></strong></span> <span class='ocrx_word' id='word_1_93' title='bbox 424 1756 594 1811; x_wconf 91' lang='lat' dir='ltr'><strong><em>quam</em></strong></span> <span class='ocrx_word' id='word_1_94' title='bbox 636 1737 957 1812; x_wconf 85' lang='lat' dir='ltr'><strong><em>percepisti.</em></strong></span> <span class='ocrx_word' id='word_1_95' title='bbox 986 1738 1062 1796; x_wconf 86' lang='lat' dir='ltr'><strong><em>Te</em></strong></span> <span class='ocrx_word' id='word_1_96' title='bbox 1103 1739 1447 1806; x_wconf 83' lang='lat' dir='ltr'><strong><em>invocamus,</em></strong></span> <span class='ocrx_word' id='word_1_97' title='bbox 1491 1737 1547 1796; x_wconf 90' lang='lat' dir='ltr'><strong><em>te</em></strong></span> <span class='ocrx_word' id='word_1_98' title='bbox 1588 1738 1850 1810; x_wconf 89' lang='lat' dir='ltr'><strong><em>implora—</em></strong></span> 
     </span>
     <span class='ocr_line' id='line_1_16' title="bbox 241 1836 1851 1910; baseline -0.001 -15"><span class='ocrx_word' id='word_1_99' title='bbox 241 1855 390 1906; x_wconf 76' lang='lat' dir='ltr'><strong><em>muS‚</em></strong></span> <span class='ocrx_word' id='word_1_100' title='bbox 419 1837 476 1896; x_wconf 89' lang='lat' dir='ltr'><strong><em>te</em></strong></span> <span class='ocrx_word' id='word_1_101' title='bbox 506 1853 733 1897; x_wconf 87' lang='lat' dir='ltr'><strong><em>oramus</em></strong></span> <span class='ocrx_word' id='word_1_102' title='bbox 773 1854 897 1896; x_wconf 88' lang='lat' dir='ltr'><strong><em>cum</em></strong></span> <span class='ocrx_word' id='word_1_103' title='bbox 943 1838 1106 1897; x_wconf 86' lang='lat' dir='ltr'><strong><em>beato</em></strong></span> <span class='ocrx_word' id='word_1_104' title='bbox 1147 1837 1454 1905; x_wconf 82' lang='lat' dir='ltr'><strong><em>BernardO,</em></strong></span> <span class='ocrx_word' id='word_1_105' title='bbox 1484 1838 1581 1910; x_wconf 91' lang='lat' dir='ltr'><strong><em>qui</em></strong></span> <span class='ocrx_word' id='word_1_106' title='bbox 1608 1837 1664 1895; x_wconf 88' lang='lat' dir='ltr'><strong><em>te</em></strong></span> <span class='ocrx_word' id='word_1_107' title='bbox 1693 1836 1851 1894; x_wconf 89' lang='lat' dir='ltr'><strong><em>bene·</em></strong></span> 
     </span>
     <span class='ocr_line' id='line_1_17' title="bbox 240 1935 1850 2010; baseline -0.002 -16"><span class='ocrx_word' id='word_1_108' title='bbox 240 1935 451 1994; x_wconf 85' lang='lat' dir='ltr'><strong><em>dictam</em></strong></span> <span class='ocrx_word' id='word_1_109' title='bbox 515 1952 685 1994; x_wconf 87' lang='lat' dir='ltr'><strong><em>orans</em></strong></span> <span class='ocrx_word' id='word_1_110' title='bbox 746 1935 883 1994; x_wconf 87' lang='lat' dir='ltr'><strong><em>dicit</em></strong></span> <span class='ocrx_word' id='word_1_111' title='bbox 912 1936 1033 2010; x_wconf 85' lang='lat'>(3):</span> <span class='ocrx_word' id='word_1_112' title='bbox 1088 1959 1117 1986; x_wconf 91' lang='lat'><strong><em>‹&lt;</em></strong></span> <span class='ocrx_word' id='word_1_113' title='bbox 1147 1936 1275 2004; x_wconf 85' lang='lat' dir='ltr'><strong><em>Fac,</em></strong></span> <span class='ocrx_word' id='word_1_114' title='bbox 1321 1951 1352 1994; x_wconf 91' lang='lat' dir='ltr'><strong><em>o</em></strong></span> <span class='ocrx_word' id='word_1_115' title='bbox 1394 1936 1706 2005; x_wconf 85' lang='lat' dir='ltr'><strong><em>benedicta,</em></strong></span> <span class='ocrx_word' id='word_1_116' title='bbox 1749 1952 1850 2007; x_wconf 90' lang='lat' dir='ltr'><strong><em>per</em></strong></span> 
     </span>
     <span class='ocr_line' id='line_1_18' title="bbox 239 2034 1847 2109; baseline -0.001 -16"><span class='ocrx_word' id='word_1_117' title='bbox 239 2034 513 2109; x_wconf 85' lang='lat' dir='ltr'><strong><em>gratiam,</em></strong></span> <span class='ocrx_word' id='word_1_118' title='bbox 537 2051 704 2107; x_wconf 91' lang='lat' dir='ltr'><strong><em>quam</em></strong></span> <span class='ocrx_word' id='word_1_119' title='bbox 735 2035 1019 2103; x_wconf 87' lang='lat' dir='ltr'><strong><em>invenisti,</em></strong></span> <span class='ocrx_word' id='word_1_120' title='bbox 1054 2052 1153 2107; x_wconf 73' lang='lat' dir='ltr'><strong><em>per</em></strong></span> <span class='ocrx_word' id='word_1_121' title='bbox 1183 2036 1657 2108; x_wconf 86' lang='lat' dir='ltr'><strong><em>praerogativam,</em></strong></span> <span class='ocrx_word' id='word_1_122' title='bbox 1681 2051 1847 2106; x_wconf 86' lang='lat' dir='ltr'><strong><em>quam</em></strong></span> 
     </span>
     <span class='ocr_line' id='line_1_19' title="bbox 241 2133 1846 2206; baseline -0.001 -15"><span class='ocrx_word' id='word_1_123' title='bbox 241 2134 520 2202; x_wconf 83' lang='lat' dir='ltr'><strong><em>meruisti,</em></strong></span> <span class='ocrx_word' id='word_1_124' title='bbox 548 2151 645 2206; x_wconf 86' lang='lat' dir='ltr'><strong><em>per</em></strong></span> <span class='ocrx_word' id='word_1_125' title='bbox 670 2133 1124 2201; x_wconf 89' lang='lat' dir='ltr'><strong><em>misericordiam,</em></strong></span> <span class='ocrx_word' id='word_1_126' title='bbox 1149 2151 1315 2206; x_wconf 87' lang='lat' dir='ltr'><strong><em>quam</em></strong></span> <span class='ocrx_word' id='word_1_127' title='bbox 1343 2133 1629 2205; x_wconf 90' lang='lat' dir='ltr'><strong><em>peperisti,</em></strong></span> <span class='ocrx_word' id='word_1_128' title='bbox 1661 2135 1726 2190; x_wconf 94' lang='lat' dir='ltr'><strong><em>ut</em></strong></span> <span class='ocrx_word' id='word_1_129' title='bbox 1754 2134 1846 2206; x_wconf 92' lang='lat' dir='ltr'><strong><em>qui</em></strong></span> 
     </span>
     <span class='ocr_line' id='line_1_20' title="bbox 241 2231 1850 2304; baseline -0.002 -13"><span class='ocrx_word' id='word_1_130' title='bbox 241 2232 527 2291; x_wconf 87' lang='lat' dir='ltr'><strong><em>mediante</em></strong></span> <span class='ocrx_word' id='word_1_131' title='bbox 553 2233 607 2288; x_wconf 88' lang='lat' dir='ltr'><strong><em>te</em></strong></span> <span class='ocrx_word' id='word_1_132' title='bbox 631 2231 753 2289; x_wconf 90' lang='lat' dir='ltr'><strong><em>fieri</em></strong></span> <span class='ocrx_word' id='word_1_133' title='bbox 774 2232 1043 2304; x_wconf 86' lang='lat' dir='ltr'><strong><em>dignatus</em></strong></span> <span class='ocrx_word' id='word_1_134' title='bbox 1072 2232 1160 2289; x_wconf 90' lang='lat' dir='ltr'><strong><em>est</em></strong></span> <span class='ocrx_word' id='word_1_135' title='bbox 1191 2231 1475 2303; x_wconf 84' lang='lat' dir='ltr'><strong><em>particeps</em></strong></span> <span class='ocrx_word' id='word_1_136' title='bbox 1496 2231 1850 2289; x_wconf 86' lang='lat' dir='ltr'><strong><em>infirmitatis</em></strong></span> 
     </span>
     <span class='ocr_line' id='line_1_21' title="bbox 240 2329 1851 2402; baseline -0.002 -13"><span class='ocrx_word' id='word_1_137' title='bbox 240 2332 301 2390; x_wconf 89' lang='lat' dir='ltr'><strong><em>et</em></strong></span> <span class='ocrx_word' id='word_1_138' title='bbox 331 2331 588 2388; x_wconf 86' lang='lat' dir='ltr'><strong><em>miseriae</em></strong></span> <span class='ocrx_word' id='word_1_139' title='bbox 620 2333 865 2397; x_wconf 89' lang='lat' dir='ltr'><strong><em>nostrae,</em></strong></span> <span class='ocrx_word' id='word_1_140' title='bbox 889 2330 945 2387; x_wconf 87' lang='lat' dir='ltr'><strong><em>te</em></strong></span> <span class='ocrx_word' id='word_1_141' title='bbox 975 2346 1192 2402; x_wconf 89' lang='lat' dir='ltr'><strong><em>quoque</em></strong></span> <span class='ocrx_word' id='word_1_142' title='bbox 1220 2329 1598 2387; x_wconf 85' lang='lat' dir='ltr'><strong><em>intercedente</em></strong></span> <span class='ocrx_word' id='word_1_143' title='bbox 1629 2329 1851 2401; x_wconf 85' lang='lat' dir='ltr'><strong><em>partici-</em></strong></span> 
     </span>
     <span class='ocr_line' id='line_1_22' title="bbox 242 2427 1848 2503; baseline -0.002 -15"><span class='ocrx_word' id='word_1_144' title='bbox 242 2447 344 2503; x_wconf 87' lang='lat' dir='ltr'><strong><em>pes</em></strong></span> <span class='ocrx_word' id='word_1_145' title='bbox 373 2446 478 2487; x_wconf 91' lang='lat' dir='ltr'><strong><em>nos</em></strong></span> <span class='ocrx_word' id='word_1_146' title='bbox 509 2429 681 2487; x_wconf 85' lang='lat' dir='ltr'><strong><em>faciat</em></strong></span> <span class='ocrx_word' id='word_1_147' title='bbox 702 2427 1068 2486; x_wconf 88' lang='lat' dir='ltr'><strong><em>beatitudinis</em></strong></span> <span class='ocrx_word' id='word_1_148' title='bbox 1091 2427 1150 2484; x_wconf 91' lang='lat' dir='ltr'><strong><em>et</em></strong></span> <span class='ocrx_word' id='word_1_149' title='bbox 1175 2429 1389 2501; x_wconf 87' lang='lat' dir='ltr'><strong><em>gloriae</em></strong></span> <span class='ocrx_word' id='word_1_150' title='bbox 1413 2444 1565 2486; x_wconf 87' lang='lat' dir='ltr'><strong><em>suae.</em></strong></span> <span class='ocrx_word' id='word_1_151' title='bbox 1590 2427 1770 2485; x_wconf 90' lang='lat' dir='ltr'><strong><em>Amen</em></strong></span> <span class='ocrx_word' id='word_1_152' title='bbox 1791 2451 1848 2484; x_wconf 87' lang='lat'><strong><em>».</em></strong></span> 
     </span>
    </p>
   </div>
   <div class='ocr_carea' id='block_1_3' title="bbox 240 2575 456 2583">
    <p class='ocr_par' dir='ltr' id='par_1_3' title="bbox 240 2575 456 2583">
     <span class='ocr_line' id='line_1_23' title="bbox 240 2575 456 2583; baseline 0 898"><span class='ocrx_word' id='word_1_153' title='bbox 240 2575 456 2583; x_wconf 95' lang='lat' dir='ltr'><strong><em> </em></strong></span> 
     </span>
    </p>
   </div>
   <div class='ocr_carea' id='block_1_4' title="bbox 368 2657 1846 2797">
    <p class='ocr_par' dir='ltr' id='par_1_4' title="bbox 368 2657 1846 2797">
     <span class='ocr_line' id='line_1_24' title="bbox 373 2657 1846 2718; baseline -0.001 -13"><span class='ocrx_word' id='word_1_154' title='bbox 373 2660 419 2718; x_wconf 88' lang='lat'><strong><em>1)</em></strong></span> <span class='ocrx_word' id='word_1_155' title='bbox 456 2660 589 2706; x_wconf 88' lang='lat' dir='ltr'><strong><em>Vers.</em></strong></span> <span class='ocrx_word' id='word_1_156' title='bbox 623 2658 704 2705; x_wconf 80' lang='lat'><strong><em>2⁷.</em></strong></span> <span class='ocrx_word' id='word_1_157' title='bbox 1387 2658 1436 2717; x_wconf 84' lang='lat'><strong><em>2)</em></strong></span> <span class='ocrx_word' id='word_1_158' title='bbox 1473 2659 1646 2704; x_wconf 85' lang='lat' dir='ltr'><strong><em>Psalm.</em></strong></span> <span class='ocrx_word' id='word_1_159' title='bbox 1683 2657 1762 2715; x_wconf 87' lang='lat'><strong><em>44,</em></strong></span> <span class='ocrx_word' id='word_1_160' title='bbox 1801 2658 1846 2705; x_wconf 82' lang='lat'><strong><em>3.</em></strong></span> 
     </span>
     <span class='ocr_line' id='line_1_25' title="bbox 368 2737 1359 2797; baseline -0.001 -11"><span class='ocrx_word' id='word_1_161' title='bbox 368 2740 418 2797; x_wconf 78' lang='lat'><strong><em>3)</em></strong></span> <span class='ocrx_word' id='word_1_162' title='bbox 454 2738 602 2786; x_wconf 90' lang='lat' dir='ltr'><strong><em>Serm.</em></strong></span> <span class='ocrx_word' id='word_1_163' title='bbox 633 2740 680 2784; x_wconf 80' lang='lat'><strong><em>2.</em></strong></span> <span class='ocrx_word' id='word_1_164' title='bbox 718 2738 774 2784; x_wconf 89' lang='lat' dir='ltr'><strong><em>de</em></strong></span> <span class='ocrx_word' id='word_1_165' title='bbox 806 2737 1023 2784; x_wconf 85' lang='lat' dir='ltr'><strong><em>Adventu</em></strong></span> <span class='ocrx_word' id='word_1_166' title='bbox 1059 2738 1188 2784; x_wconf 90' lang='lat' dir='ltr'><strong><em>Dom.</em></strong></span> <span class='ocrx_word' id='word_1_167' title='bbox 1227 2752 1275 2784; x_wconf 90' lang='lat' dir='ltr'><strong><em>n.</em></strong></span> <span class='ocrx_word' id='word_1_168' title='bbox 1311 2739 1359 2785; x_wconf 88' lang='lat'><strong><em>5.</em></strong></span> 
     </span>
    </p>
   </div>
   <div class='ocr_carea' id='block_1_5' title="bbox 835 2924 1261 2952">
    <p class='ocr_par' dir='ltr' id='par_1_5' title="bbox 835 2924 1261 2952">
     <span class='ocr_line' id='line_1_26' title="bbox 835 2924 1261 2952; baseline 0 -1"><span class='ocrx_word' id='word_1_169' title='bbox 835 2924 1261 2952; x_wconf 48' lang='lat'>—-—4*—-</span> 
     </span>
    </p>
   </div>
  </div>
 </body>
</html>
