2237 3481
421 270 497 331 96
929 287 1220 329 SPECULUM
1260 287 1313 328 B.
1356 287 1420 328 M.
1464 287 1519 328 v.

420 478 512 538 die
566 480 780 552 plenae
823 479 1000 538 lunae
1060 480 1172 537 iam
1235 495 1498 537 reversus
1559 481 1659 551 est,
1707 479 1882 548 illius,
1947 481 2032 538 in·

419 595 606 652 quam,
636 579 822 648 lunae,
851 579 918 636 de
946 595 1058 651 qua
1086 578 1295 636 dicitur
1324 577 1685 636 Canticorum
1714 579 1873 637 sexto
1898 577 2024 653 (1):

417 678 690 737 Pulchra
709 680 777 735 ut
805 676 967 735 luna.
993 677 1158 735 Luna
1179 693 1312 750 ergo
1334 676 1423 734 est
1443 677 1653 749 Maria3
1676 677 1813 734 luna
1835 678 2030 749 plena,

418 776 602 834 Maria
642 776 827 848 plena.
873 776 1066 834 Lunae
1108 776 1309 850 plenae
1348 775 1531 833 Maria
1559 775 1889 847 comparata
1917 775 2031 845 est,

418 891 560 948 quae
601 875 814 933 lumine
859 874 1173 947 sapientiae
1198 874 1257 932 et
1282 873 1545 932 veritatis
1572 891 1607 932 a
1636 874 1752 932 sole
1793 873 2031 933 aeterno

420 973 584 1046 plene
623 972 948 1031 illuminata
987 972 1094 1031 est.
1124 973 1283 1030 Unde
1310 973 1493 1030 Maria
1520 972 1660 1031 bene
1689 971 2033 1046 interpreta-

420 1072 517 1130 tur
537 1072 881 1129 illuminata
908 1056 1025 1130 sive
1054 1071 1452 1129 illuminatrix
1475 1072 1585 1146 (2).
1614 1071 1753 1143 Ipsa
1782 1088 2032 1144 namque

320 1245 321 1248 Ἴ
416 1171 556 1229 luna
596 1170 654 1228 et
692 1171 924 1228 lucerna
965 1171 1165 1230 nostra
1207 1169 1531 1228 illuminata
1572 1169 1683 1227 fuit
1722 1185 1757 1226 a
1788 1169 2032 1229 Domino

122 2962 365 3089 &4qu

419 1268 479 1327 et
517 1268 895 1326 illuminatrix
936 1268 1046 1326 fuit
1087 1268 1315 1337 mundo,
1357 1266 1517 1326 iuxta
1558 1267 1699 1325 illud
1742 1267 2033 1340 propheti·

419 1385 544 1426 cum
570 1367 692 1442 (3):
731 1368 1023 1443 Quoniam
1061 1370 1122 1425 tu
1153 1367 1459 1425 illuminas
1489 1368 1787 1425 lucernam
1813 1383 2031 1441 meam,

420 1466 691 1524 Domine.
732 1466 802 1523 In
846 1467 1014 1524 huius
1054 1467 1223 1524 lunae
1266 1465 1616 1538 plenitudine
1646 1466 1733 1522 vir
1762 1481 2032 1523 reversus

419 1563 508 1622 est
547 1565 606 1621 in
647 1564 871 1623 domum
914 1581 1093 1632 suam,
1123 1564 1345 1637 quando
1377 1563 1639 1621 Christus
1670 1579 1769 1636 per
1796 1580 2031 1621 carnem

419 1662 577 1721 venit
616 1664 676 1721 in
718 1663 1008 1720 mundum.
1051 1661 1098 1721 Ο
1140 1679 1269 1720 vere
1311 1662 1588 1720 mirabilis
1629 1661 1799 1719 huius
1855 1663 2032 1721 lunae

421 1762 743 1835 plenitudo!
788 1762 947 1832 Ecce,
990 1764 1038 1820 si
1080 1763 1265 1820 Maria
1306 1762 1476 1834 plena
1524 1761 1635 1820 fuit
1674 1762 1889 1819 lumine
1946 1780 2034 1820 sa-

420 1860 683 1934 pientiae,
727 1861 873 1934 quod
915 1878 949 1918 a
991 1861 1107 1919 sole
1149 1859 1378 1918 aeterno
1420 1860 1648 1932 recepit,
1693 1861 2032 1933 priusquam

418 1961 605 2032 ipsum
653 1959 925 2032 concepit,
969 1959 1184 2032 quanto
1242 1959 1459 2031 plenior
1514 1958 1641 2026 fuit,
1685 1959 1816 2017 dum
1875 1957 2035 2018 hunc

419 2059 592 2117 solem
618 2057 760 2117 „tam
811 2057 1147 2116 mirabiliter
1194 2056 1450 2129 concepit
1492 2056 1550 2114 et
1590 2057 1708 2115 tam
1767 2056 2036 2116 totaliter

420 2157 478 2213 in
521 2173 580 2214 se
636 2155 887 2229 recepit?
928 2155 1006 2213 Et
1057 2156 1179 2214 ideo
1243 2155 1649 2227 plenitudinem
1713 2156 2036 2227 sapientiae

419 2255 632 2313 Mariae
694 2253 895 2313 beatus
954 2254 1283 2312 Bernardus
1312 2254 1401 2328 (4)
1452 2254 1866 2323 commendam,
1910 2255 2035 2313 ait:

430 2376 459 2405 α
486 2353 786 2411 Exstruxit
826 2355 885 2410 in
925 2353 1109 2411 Maria
1152 2352 1258 2410 sibi
1299 2353 1523 2411 domum
1574 2352 1865 2424 Sapientia
1913 2370 2038 2412 cae·

418 2451 599 2521 lestiS,
655 2467 797 2524 quae
853 2451 989 2510 adeo
1037 2449 1281 2509 mentem
1341 2451 1461 2508 eius
1524 2448 1781 2523 replevit,
1839 2449 1908 2507 ut
1967 2451 2038 2509 de

550 2719 594 2779 1)
630 2719 764 2766 Vers.
800 2720 848 2766 9.

544 2801 594 2860 2)
630 2800 848 2860 Hieron„
884 2800 941 2847 de
974 2799 1110 2846 Nom.
1148 2799 1293 2847 Hebr.
1332 2799 1576 2859 (Matth.).

547 2882 595 2941 3)
631 2882 805 2928 Psalm.
846 2880 921 2941 17,
953 2882 1034 2929 29.

543 2964 594 3024 4)
630 2963 777 3011 Serm.
815 2962 894 3009 52.
932 2961 1074 3022 (alias
1112 2962 1242 3022 107.)
1279 2962 1336 3009 de
1367 2960 1551 3009 DiverS.
1587 2974 1637 3007 n.
1671 2960 1720 3007 4.
