2237 3481
854 265 1055 315 mc'no
1095 266 1218 315 xm.
1723 250 1836 316 187

188 533 193 539 .
240 466 340 524 tur
368 489 424 526 2.
467 465 741 540 Ingressa
781 466 870 524 est
911 466 1091 539 igitur
1132 466 1315 524 mater
1346 465 1569 524 Domini
1611 466 1683 524 ad
1723 467 1840 540 glo·

239 566 384 623 riam
426 564 698 638 tanquam
735 565 932 638 regina
972 565 1274 634 caelorum,
1303 565 1563 638 ingressa
1598 565 1686 623 est
1714 582 1840 623 cum

238 664 455 722 divitiis
494 663 989 722 innumerabilium
1030 663 1379 723 meritorum.

253 758 257 775 ²
401 761 614 832 Quarto
657 762 966 831 considera,
995 763 1304 831 carissime,
1335 763 1483 836 quod
1524 763 1842 820 invenimus

242 860 482 918 Mariam
524 861 1051 934 superyredientem
1078 877 1276 920 onmes
1302 863 1533 920 sanctos
1560 863 1617 919 in
1649 878 1841 933 super·

237 958 591 1017 abundantia
631 959 960 1019 meritorum
1018 959 1075 1017 et
1139 961 1513 1032 praemiorum
1558 960 1677 1018 sine
1726 960 1843 1018 ter-

238 1058 411 1131 mino,
471 1054 631 1116 iuxta
685 1058 827 1116 illud
881 1057 1317 1117 Proverbiorum
1374 1059 1666 1132 trigesimo
1730 1059 1842 1131 pri·

239 1152 477 1231 mo*(1):
527 1155 764 1214 Multae
816 1155 979 1226 filiae
1037 1159 1530 1231 conpreyaverunt
1582 1156 1840 1230 divitias,

240 1256 305 1311 tu
343 1269 720 1328 swperyressa
759 1270 817 1313 es
856 1254 1180 1327 universas,
1224 1252 1616 1328 Superyressa
1643 1270 1701 1313 es
1736 1254 1842 1312 uti-

237 1369 365 1426 que,
407 1369 775 1426 supergressa
817 1369 877 1411 es
917 1352 1067 1411 certe
1096 1353 1155 1410 in
1196 1354 1439 1425 natura,
1470 1368 1841 1427 supergressa

238 1467 299 1508 es
341 1451 401 1508 in
439 1450 661 1525 qratia,
698 1466 1067 1524 supergressa
1108 1467 1168 1508 es
1207 1451 1265 1508 in
1299 1450 1499 1525 yloria
1538 1451 1843 1509 universas

240 1547 410 1618 filias,
454 1549 752 1607 universas
800 1549 1038 1618 animaS,
1080 1548 1378 1606 universas
1431 1548 1842 1621 intelligentias

238 1646 545 1720 angelicaS,
589 1663 620 1706 o
662 1646 864 1704 Maria.
904 1678 986 1688 ——
1027 1645 1182 1715 Dico,
1224 1645 1371 1718 quod
1411 1645 1594 1703 Maria
1640 1646 1699 1702 in
1739 1661 1841 1703 na-

240 1748 381 1803 tura
429 1762 799 1820 supergressa
840 1747 929 1804 est
968 1748 1266 1804 universas
1320 1745 1470 1803 filias
1531 1744 1839 1812 hominum,

237 1844 369 1903 dum
414 1844 561 1917 quod
602 1845 813 1903 natura
873 1861 987 1904 non
1048 1843 1320 1914 admittit,
1364 1846 1525 1917 virgo
1586 1844 1840 1916 concepit

239 1942 297 1999 et
338 1944 499 2016 virgo
541 1942 780 2015 peperit,
823 1942 982 2001 iuxta
1022 1943 1166 2001 illud
1208 1942 1394 2001 Isaiae
1450 1941 1690 2015 septimo
1715 1941 1837 2015 (2):

236 2042 409 2116 Ecce,
449 2042 614 2116 viryo
668 2042 952 2115 concipiet
992 2045 1047 2100 et
1097 2043 1300 2115 pariet
1351 2041 1563 2112 fillium.
1606 2040 1683 2098 Et
1725 2057 1837 2099 non

237 2140 421 2199 solum
469 2140 592 2210 hoo,
634 2141 782 2213 quod
837 2141 999 2214 virgo
1054 2139 1254 2209 filium,
1298 2139 1394 2198 sed
1459 2140 1628 2198 etiam
1691 2139 1840 2212 quod

237 2239 420 2298 Deum
463 2239 672 2297 Filium
714 2239 952 2312 peperit,
984 2255 1157 2310 super
1185 2255 1405 2298 omnem
1433 2238 1700 2296 naturam
1728 2238 1837 2296 est.

236 2337 373 2397 Ideo
412 2338 791 2412 Hieronymus
814 2337 904 2413 (3)
934 2337 1073 2396 bene
1103 2339 1183 2396 sic
1225 2337 1338 2395 ait:
1386 2359 1415 2388 «
1444 2337 1601 2406 Quod
1629 2336 1840 2395 natura

235 2451 351 2495 non
392 2435 612 2506 habuit,
654 2453 793 2495 usus
833 2435 1089 2504 nescivit,
1134 2435 1422 2509 ignoravit
1469 2435 1636 2505 ratio,
1680 2452 1839 2494 mens

236 2550 351 2594 non
390 2534 547 2607 capit
592 2534 861 2604 humana,
906 2533 1078 2608 pavet
1132 2534 1366 2604 caelum,
1411 2533 1606 2607 stupet
1661 2533 1837 2604 terra,

234 2632 500 2692 creatura
538 2633 711 2691 etiam
754 2634 938 2692 omnis
980 2632 1221 2691 miratur
1276 2633 1556 2703 caelestiS,
1596 2631 1702 2691 hoc
1758 2630 1840 2691 to-

366 2867 411 2926 1)
448 2865 585 2912 Vers.
621 2864 700 2912 29.
1498 2862 1547 2922 2)
1585 2862 1719 2909 Vere.
1760 2862 1834 2911 14.

363 2946 412 3008 3)
448 2945 603 3004 Epist.
639 2944 724 2992 cit.
761 2957 809 2992 n.
844 2946 893 2992 5.
