2237 3481
383 247 497 309 156
887 264 1177 325 SPEQULUM
1218 263 1269 307 13.
1312 262 1373 308 n.
1416 262 1472 309 v.

375 458 473 516 ubi
513 458 741 533 legitur,
783 459 930 531 quod
971 458 1226 532 angeluS‚
1269 458 1365 531 qui
1406 474 1532 516 cum
1572 456 1744 515 Iacob
1790 454 1983 513 lucta-

375 557 564 625 batur,
607 557 887 615 benedixit
928 573 1054 615 eum
1096 558 1154 614 in
1196 573 1421 615 aurora.
1464 555 1696 613 Dicente
1730 571 1981 627 namque

375 656 607 729 angelo:
638 657 888 713 Dimitte
927 672 1032 728 me,
1070 656 1192 713 iam
1238 656 1389 712 enim
1432 655 1691 713 ascendit
1731 670 1982 726 aurora,

373 770 487 812 non
528 753 741 811 dimisit
781 771 905 812 eum
958 752 1147 823 Iacob,
1190 754 1361 812 donec
1425 754 1612 826 ipsum
1675 752 1981 810 benedixit.

374 852 446 909 In
486 869 693 911 aurora
733 853 888 910 lucta
914 852 1025 910 fuit
1051 853 1203 910 inter
1243 853 1508 926 angelum
1539 851 1597 910 et
1636 850 1826 919 Iacob,
1871 850 1982 907 dis-

375 950 562 1009 cordia
588 950 699 1008 fuit
740 951 890 1008 inter
929 950 1163 1023 angelos
1198 950 1256 1008 et
1294 944 1566 1009 homines,
1605 948 1787 1008 Homo
1829 949 1980 1006 enim

379 1049 654 1121 peccando
717 1049 1028 1113 offenderat
1089 1048 1443 1119 Creatorem3
1512 1047 1721 1107 offenso
1783 1046 1979 1104 autem
2022 1111 2030 1116 ,

379 1147 660 1218 Creatore,
704 1149 884 1206 omnis
925 1147 1229 1207 offenditur
1283 1146 1562 1216 creatura,
1605 1144 1821 1220 quanto
1864 1162 1980 1202 ma·

375 1248 464 1319 gis
505 1246 606 1303 illa
647 1263 789 1320 quae
832 1245 1086 1305 Creatori
1129 1246 1311 1320 magis
1353 1244 1443 1303 est
1504 1242 1820 1303 coniuncta.
1863 1243 1983 1301 Illa

378 1361 511 1417 ergo
551 1345 707 1403 lucta
769 1344 957 1418 potuit
1015 1344 1184 1403 huius
1248 1343 1555 1403 discordiae
1606 1360 1728 1401 esse
1770 1342 1981 1416 figura.

380 1442 485 1501 Sed
527 1444 676 1502 certe
726 1443 1058 1501 adveniente
1120 1443 1321 1510 Maria,
1363 1441 1644 1514 pacificati
1697 1441 1836 1498 sunt
1876 1458 1984 1498 an-

375 1541 538 1613 gelus
579 1541 748 1615 atque
790 1542 973 1610 homo,
1024 1541 1107 1599 ita
1171 1541 1317 1615 quod
1379 1543 1436 1598 in
1481 1542 1607 1613 ipsa
1648 1555 1875 1608 aurora,
1917 1540 1980 1596 in

377 1641 503 1712 ipsa
580 1639 813 1713 Virgine
880 1641 1080 1710 Maria,
1151 1641 1462 1714 angelicam
1534 1638 1978 1698 benedictionem

377 1739 707 1798 consecutus
748 1739 836 1798 est
895 1738 1078 1799 homo.
1143 1739 1399 1813 Angelus
1458 1755 1700 1812 namque
1751 1736 1983 1811 Virgini

260 1831 264 1834 ⁴
379 1837 520 1896 dixit
549 1837 671 1913 (1):
714 1838 1031 1896 Benedicta
1095 1840 1159 1895 tn
1220 1839 1285 1895 in
1344 1836 1709 1909 mulieribuS,
1758 1835 1818 1894 et
1880 1853 1985 1909 per

119 2992 365 3135 ,Ἣ

376 1935 523 1993 hanc
582 1936 1017 1995 benedictionem
1084 1936 1337 2010 Virginis
1390 1935 1556 1994 homo
1615 1934 1985 2007 consequitur

376 2034 813 2093 benedictionem
857 2035 1011 2119 pacis
1053 2033 1110 2091 et
1153 2034 1357 2092 salutis
1404 2035 1462 2090 in
1503 2034 1649 2092 Filio
1703 2033 1984 2106 VirginiS,

378 2133 811 2192 benedictionem
856 2134 1048 2206 utique
1088 2134 1266 2200 illam,
1297 2133 1363 2190 de
1391 2149 1503 2206 qua
1539 2132 1853 2205 Apostolus
1897 2131 1984 2189 ait

381 2231 452 2289 ad
493 2231 768 2304 Ephesios
811 2234 991 2306 primo
1015 2231 1134 2306 (2):
1176 2229 1526 2289 Benedictus
1566 2232 1729 2289 Deus
1766 2233 1825 2288 et
1863 2231 1987 2288 Pa-

382 2331 464 2387 ter
506 2330 750 2388 Domini
799 2331 986 2389 nostri
1042 2331 1181 2389 Iesu
1240 2327 1479 2402 Christi,
1537 2330 1641 2401 qni
1694 2327 1990 2393 benedixit

376 2444 484 2486 nos
525 2428 590 2485 in
631 2429 790 2486 omni
833 2427 1220 2486 benedictione
1259 2428 1568 2500 spirituali
1605 2428 1670 2485 in
1729 2427 1982 2485 caelesti-

379 2526 486 2584 bus
523 2526 590 2583 in
638 2523 892 2600 Christo,
934 2544 1104 2600 quam
1147 2526 1317 2584 etiam
1361 2525 1801 2584 benedictionem
1858 2526 1985 2598 ipse

379 2623 703 2683 benedictus
745 2625 924 2683 Filius
959 2625 1280 2684 benedictae
1309 2624 1561 2698 Virginis
1602 2623 1983 2696 confirmabit,

508 2856 553 2916 1)
588 2857 700 2903 Luc.
741 2857 785 2914 1,
820 2857 898 2903 28.

502 2937 553 2996 2)
588 2938 722 2984 Vers.
760 2938 805 2984 3.

368 3138 545 3370 h
