2237 3481
843 287 1043 329 Lac'mo
1083 287 1162 328 XI.
1289 267 1292 270 ’
1686 269 1803 329 145

191 477 380 536 autem
424 473 538 535 non
600 477 983 547 claudicando,
1027 478 1333 536 secundum
1396 479 1542 552 quod
1594 478 1803 557 dici-tur

189 575 347 635 tertii
389 575 604 648 Regum
650 575 860 634 decimo
902 576 1100 635 octavo
1125 575 1248 651 (1):
1304 577 1612 649 Usquequo
1643 576 1800 634 clau-

191 675 406 733 dicatis
446 674 511 730 in
552 675 702 732 duas
745 672 1000 747 partes?
1045 674 1114 733 Sa·
1154 671 1450 733 Dominus
1490 677 1575 733 cst
1614 676 1803 748 Deus,

186 772 505 845 sequimini
544 787 708 842 cum;
750 773 804 831 si
833 775 1027 831 autem
1055 772 1237 846 Βααῑ,
1268 774 1581 845 sequimini
1610 771 1801 831 illum.

185 903 265 912 —-
309 869 421 928 Per
461 886 749 927 auroram
810 870 1018 938 autem,
1063 872 1223 928 cuius
1286 870 1473 928 ortum
1530 887 1638 929 nox
1683 887 1797 929 non

185 967 349 1036 vidit,
415 967 582 1026 beata
643 968 820 1042 Virgo
876 968 1252 1041 significatur,
1309 970 1468 1027 cuius
1534 968 1803 1027 nativita-

188 1068 305 1125 tem
336 1082 448 1125 nox
477 1067 772 1138 originalis
800 1067 1000 1139 culpae
1028 1083 1142 1125 non
1171 1062 1440 1124 initiavit.
1470 1068 1796 1141 Nox‘enim,

188 1167 277 1225 cui
300 1163 406 1223 Iob
437 1164 742 1233 maledixit,
767 1181 895 1233 nox,
925 1165 988 1222 in
1015 1182 1138 1237 qua
1159 1168 1466 1237 conceptus
1496 1168 1582 1224 est
1609 1167 1798 1235 home,

190 1262 486 1337 peccatum
529 1264 802 1336 originale
832 1264 938 1332 est,
968 1265 1026 1321 in
1055 1280 1166 1337 quo
1196 1280 1387 1323 omnes
1414 1266 1797 1336 concipimur3

190 1363 342 1420 unde
386 1362 696 1419 Psalmista
720 1362 842 1436 (2):
875 1363 955 1420 In
991 1364 1245 1434 pcccatis
1274 1364 1531 1435 concepit
1557 1379 1647 1421 me
1674 1380 1802 1420 ma-

191 1464 279 1519 ter
322 1477 473 1518 mea.
516 1461 659 1529 Quia
700 1478 833 1534 ergo
871 1461 986 1520 fere
1016 1479 1208 1520 omnes
1251 1461 1434 1519 sancti
1474 1463 1533 1519 in
1574 1462 1801 1534 peccato

188 1559 591 1631 concipiuntur
633 1559 690 1617 et
731 1561 790 1616 in
835 1560 1060 1631 peccato
1100 1559 1435 1629 nascuntur,
1498 1559 1620 1618 ideo
1661 1560 1800 1618 bene

188 1659 281 1717 hic
322 1658 549 1727 dicitur,
592 1658 740 1731 quod
779 1659 982 1717 stellae
1043 1676 1145 1732 per
1198 1659 1346 1716 hanc
1386 1658 1605 1717 noctem
1648 1658 1802 1716 obte-

190 1759 540 1816 nebrantur.
583 1758 687 1816 Sed
729 1760 861 1830 quia
903 1740 1167 1816 Christus
1209 1766 1310 1816 neo
1349 1758 1670 1830 conceptus,
1700 1774 1802 1815 nec

190 1857 368 1915 natus
411 1858 470 1914 in
513 1859 741 1929 peccato
783 1857 910 1924 fuit,
939 1857 1058 1916 ideo
1101 1857 1239 1915 bene
1267 1857 1358 1914 hio
1399 1856 1624 1925 dicitur,
1654 1856 1801 1929 quod

188 1973 300 2015 nox
344 1955 458 2013 ista
500 1956 680 2014 lucem
723 1972 834 2014 non
878 1956 1040 2013 vidit.
1085 1956 1227 2025 Quia
1269 1971 1402 2014 vero
1429 1955 1596 2012 beata
1624 1954 1801 2028 Virgo

193 2055 251 2111 in
299 2054 531 2126 peccato
573 2053 842 2126 concepta
884 2053 1010 2122 fuit,
1061 2053 1158 2110 sed
1201 2055 1319 2111 sine
1362 2053 1588 2125 peccato
1644 2052 1800 2120 nata,

189 2153 251 2209 in
295 2151 526 2224 peccato
570 2151 698 2210 orta
739 2168 852 2209 non
893 2151 1028 2209 fuit:
1072 2151 1193 2208 ideo
1235 2167 1348 2209 non
1390 2167 1675 2220 auroram,
1704 2151 1800 2208 sed

188 2250 383 2308 ortum
425 2266 664 2308 aurorae
705 2250 912 2308 dicitur
954 2265 1063 2307 nox
1105 2250 1218 2306 ista
1261 2265 1373 2307 non
1414 2249 1637 2306 vidisse.
1680 2249 1801 2307 Hoc

187 2348 278 2406 est
321 2347 522 2407 contra
564 2348 694 2406 illos
735 2349 831 2420 qui
894 2348 1077 2420 ipsam
1122 2362 1233 2404 non
1286 2347 1468 2405 solum
1514 2348 1634 2404 sine
1675 2364 1803 2419 pec-

186 2447 318 2506 cato
360 2446 578 2516 natam,
624 2447 720 2504 sed
779 2447 949 2504 etiam
1008 2447 1128 2503 sine
1192 2446 1417 2529 peccato
1473 2445 1797 2519 conceptam

186 2545 408 2614 dicunt,
450 2545 650 2603 contra
691 2561 833 2617 quos
893 2544 1062 2601 etiam
1117 2543 1317 2601 beatus
1358 2544 1684 2601 Bernardus
1708 2543 1798 2619 (3)

186 2659 442 2717 arguens
482 2642 595 2700 ait:
650 2665 679 2694 «
707 2643 765 2699 Si
827 2641 961 2716 ante
1024 2642 1352 2714 conceptum
1412 2658 1575 2699 suum
1616 2641 1801 2700 Maria

326 2873 372 2933 1)
408 2872 544 2921 Vero.
578 2870 659 2918 21.
1338 2870 1386 2930 2)
1425 2871 1598 2919 Psalm.
1633 2870 1714 2932 50,
1749 2873 1795 2919 7.

317 2954 367 3014 3)
403 2952 558 3012 Epist.
600 2953 706 3000 174.
742 2966 790 2999 n.
830 2953 874 2999 7.

1618 3050 1676 3097 10
