2237 3481
433 241 549 301 194
941 260 1231 302 SPECULUM
1272 258 1324 301 Β.
1368 261 1431 301 M.
1473 261 1529 303 v.

426 449 644 523 quanta
683 448 756 507 ad
814 449 994 508 Deum
1050 449 1243 523 gratia
1303 466 1525 523 semper
1579 450 1690 509 fuit
1748 452 1810 509 111
1865 451 2037 510 labiis

424 549 670 606 Mariae!
714 548 849 620 Ipse
890 564 1133 621 namque
1174 548 1327 606 Deus
1370 548 1542 607 verba
1581 548 1861 608 labiorum
1915 552 2036 608 eius

423 645 670 704 libenter
711 645 947 714 audivit,
976 645 1227 704 testante
1268 646 1434 706 beato
1474 646 1765 706 Bernardo
1790 646 1903 722 (1),
1933 651 2031 722 qui

424 745 609 818 ipsam
649 744 944 818 alloquens
985 744 1152 803 dicit:
1206 767 1235 797 o:
1265 745 1367 803 Cui
1405 745 1670 818 placuisti
1697 763 1764 804 ex
1801 747 2036 806 silentio

424 844 539 900 iam
580 844 763 916 magis
806 842 1053 915 placebis
1097 860 1163 900 ex
1203 843 1393 911 verbo,
1436 860 1561 902 cum
1602 845 1723 916 ipse
1765 844 1874 902 tibi
1921 845 2033 903 cla-

425 940 543 999 met
570 958 599 999 e
626 941 809 1000 caelo:
849 939 898 1000 0
915 941 1172 1014 pulchra
1200 942 1357 999 inter
1382 942 1653 1000 mulieres
1677 941 1789 1016 (2),
1815 940 1918 1011 fac
1944 960 2034 1002 me

425 1038 635 1097 audire
659 1055 852 1098 vocem
883 1042 1045 1096 tuam
1072 1062 1141 1096 »r
1173 1039 1279 1098 Eia
1308 1056 1474 1112 quam
1516 1041 1829 1109 verissima,
1861 1058 2031 1114 quam

425 1136 806 1210 pudicissima,
850 1154 1031 1210 quam>
1062 1138 1603 1210 disciplinatissima,
1645 1155 1815 1211 quam
1861 1140 2034 1198 since-

425 1237 650 1294 rissima
699 1253 920 1309 semper
975 1236 1209 1294 fuerunt
1263 1236 1477 1294 Mariae
1531 1236 1715 1295 labia!
1771 1237 1850 1294 Et
1913 1238 2033 1296 ideo

424 1318 555 1392 vere
597 1334 883 1393 benedixit
921 1350 1042 1392 eam
1084 1335 1249 1393 Deus
1283 1335 1348 1392 in
1390 1337 1689 1392 aeternum
1713 1334 1823 1410 (3).
1870 1335 2029 1394 Heu!

422 1448 592 1506 quam
633 1432 800 1506 longe
836 1431 909 1490 ab
937 1432 1043 1490 hac
1083 1432 1297 1491 Mariae
1338 1431 1719 1491 benedictione
1760 1433 1846 1491 illi
1876 1434 2031 1501 sunt,

423 1548 661 1604 quorum
704 1531 857 1588 labia
898 1530 1065 1588 labiis
1105 1532 1320 1589 Mariae
1364 1531 1482 1588 tam
1523 1531 1820 1589 dissimilia
1875 1531 2030 1600 sunt,

426 1629 530 1698 illi,
574 1631 823 1702 inquam,
854 1630 911 1686 in
942 1646 1178 1701 quorum
1221 1629 1389 1687 labiis
1417 1645 1529 1688 non
1555 1629 1757 1703 qratia
1786 1628 2027 1703 diffusa,

425 1726 522 1787 sed
566 1727 784 1786 malitia
827 1728 1058 1787 confusa
1094 1728 1214 1799 est3
1258 1727 1558 1801 propterea
1586 1745 1698 1788 non
1727 1727 2029 1798 benedixit,

425 1826 522 1886 sed
550 1827 842 1886 maledixit
869 1828 927 1886 et
955 1826 1252 1886 maledicet
1290 1844 1383 1886 eos
1419 1827 1572 1885 Deus
1613 1829 1671 1885 in
1712 1828 2028 1886 aeternum.

582 1925 749 1993 Item,
791 1926 1085 1995 carissimi,
1125 1926 1416 1984 benedicta
1443 1925 1545 1984 'est
1583 1926 1766 2008 Maria
1796 1942 1912 1985 non
1943 1942 2031 1985 so-

420 2025 538 2082 lum
585 2023 819 2096 propter
872 2023 1121 2097 gratiam
1177 2023 1447 2083 donorum
1503 2024 1703 2091 cordis,
1761 2039 1877 2082 non
1942 2040 2030 2083 so—

421 2122 541 2180 lum
585 2122 819 2195 propter
872 2121 1121 2195 gratiam
1178 2122 1457 2180 labiorum
1519 2123 1651 2190 oris,
1697 2122 1794 2179 sed
1858 2122 2030 2180 etiam

423 2218 657 2292 propter
699 2219 936 2278 modum
977 2219 1452 2278 conversationis.
1494 2219 1571 2276 Et
1612 2219 1678 2277 de
1720 2218 1827 2277 hac
1870 2219 2031 2277 bene-

422 2316 663 2376 dictione
705 2318 879 2390 accipi
925 2318 1112 2390 potest
1141 2318 1281 2375 illud
1322 2318 1470 2390 quod
1508 2317 1714 2396 dicitur
1755 2317 2029 2376 Ieremiae

422 2416 713 2490 trigesimo
775 2418 956 2490 primo
985 2417 1107 2493 (4):
1173 2416 1493 2475 Benedicat
1557 2416 1662 2474 tibi
1709 2417 2029 2488 Dominus,

411 2514 799 2587 pulchritudo
840 2515 1121 2588 iustitiae,
1151 2532 1320 2573 mons
1366 2517 1607 2573 sanctus
1623 2513 1647 2573 ,Ι
1674 2514 1859 2572 Mons
1900 2531 2028 2573 san·

552 2763 597 2822 1)
632 2762 806 2809 Ηο11111.
841 2761 888 2808 4.
925 2776 1064 2821 super
1098 2762 1284 2809 Missus
1315 2767 1388 2809 eet
1421 2776 1469 2809 11.
1507 2762 1554 2808 8.

547 2843 597 2901 2)
634 2842 772 2890 Cant.
813 2842 856 2900 1,
895 2844 940 2889 7.
976 2848 1026 2889 01
1058 2842 1105 2901 8,
1148 2842 1221 2888 13.

548 2923 597 2982 3)
634 2923 806 2969 Psalm.
842 2922 922 2981 44,
959 2922 1004 2969 3.
1683 2922 1734 2981 4)
1771 2921 1909 2969 Vers.
1944 2921 2019 2968 23.

148 3005 191 3020 f,
302 3007 307 3012 .

194 3003 427 3132 N

424 3127 463 3146 ,ιγ
484 3141 487 3142 ⁷
540 3125 543 3126 ⁷

504 3169 549 3184 qu·

602 3237 605 3246 1

670 3283 679 3290 ,
