2237 3481
905 276 1105 319 memo
1148 277 1203 320 v.
1777 263 1853 320 63

249 467 585 526 sericordiae
629 467 780 536 tuae,
823 484 854 526 o
898 467 1209 538 benedicta,
1251 469 1681 542 longitudinem,
1733 471 1857 528 lati-

248 566 520 634 tudinem,
566 566 976 624 sublimitatem
1017 566 1075 624 et
1117 568 1455 639 profundum
1499 568 1671 641 queat
1711 570 1860 627 inve-

248 665 509 736 stigare?
550 664 699 721 Nam
744 664 1040 737 longitudo
1102 666 1223 723 eius
1285 682 1460 738 usque
1501 667 1573 724 ad
1624 668 1857 725 novissi-

247 780 396 820 mum
441 762 588 820 diem
629 764 1029 822 invocantibus
1070 781 1194 822 eam
1238 764 1502 822 subvenit
1542 767 1855 835 universis3

245 861 492 919 latitudo
534 863 656 919 eius
698 862 882 935 replet
924 863 1112 921 orbem
1156 863 1460 932 terrarum,
1490 864 1557 921 ut
1597 881 1700 922 sua
1727 881 1858 938 quo-

245 977 351 1033 que
394 960 777 1019 misericordia
821 961 990 1033 plena
1048 962 1124 1019 sit
1187 963 1368 1020 omnis
1431 962 1617 1032 terra;
1671 964 1749 1021 sic
1799 963 1857 1021 et

245 1058 570 1116 sublimitas
611 1060 732 1117 eius
772 1076 1051 1132 supernae
1093 1059 1344 1118 civitatis
1385 1061 1603 1118 invenit
1642 1062 1856 1120 restau-

242 1158 555 1226 rationem;
600 1157 659 1215 et
703 1158 1043 1230 profundum
1106 1160 1227 1215 eius
1288 1159 1613 1218 sedentibus
1667 1161 1732 1217 in
1784 1163 1856 1218 te·

237 1256 433 1314 nebris
473 1257 636 1313 etin
687 1256 900 1314 umbra
955 1257 1166 1315 morti-s
1198 1256 1286 1332 (1)
1343 1257 1590 1316 obtinuit
1645 1259 1854 1317 redem-

241 1354 494 1427 ptionem
526 1358 609 1411 ».’

405 1453 596 1511 Tertio
639 1452 1073 1520 consideremuS,
1117 1454 1414 1523 carissimi,
1462 1454 1684 1527 gratiae
1737 1455 1852 1512 Ma-

237 1552 357 1608 riae
397 1551 939 1624 multiplicitatem;
981 1551 1047 1609 de
1104 1568 1216 1624 qua
1257 1553 1383 1624 ipsa
1424 1552 1602 1610 dicere
1663 1553 1853 1625 potest

233 1649 383 1708 illud
412 1649 796 1707 'Ecclesiastici
830 1651 1097 1723 vigesimo
1127 1651 1331 1723 quarto
1363 1651 1484 1725 (2):
1515 1652 1649 1724 Eyo
1679 1653 1852 1723 quase:

236 1749 606 1808 terebinthus
659 1751 890 1808 extendi
944 1767 1140 1807 ramos
1193 1767 1369 1824 meos,
1430 1753 1486 1807 et
1543 1752 1702 1809 rami
1740 1753 1852 1809 mei
1908 1803 1912 1807 .

232 1848 487 1906 honoris
528 1850 583 1904 et
617 1848 872 1920 qratiae.
906 1848 1283 1905 Terebinthus
1325 1865 1532 1921 magna
1560 1848 1729 1907 arbor
1763 1850 1851 1907 est

229 1946 292 2004 in
341 1945 526 2019 Syria,
578 1945 884 2003 secundum
928 1945 1186 2004 Glossam
1221 1945 1310 2020 (3)
1354 1947 1412 2003 et
1460 1946 1707 2003 Plinium
1738 1947 1847 2022 (4),

228 2044 291 2102 et
343 2043 521 2101 habet
584 2061 772 2102 ramos
836 2044 1046 2102 multos
1108 2042 1167 2101 et
1229 2044 1504 2102 extensos,
1562 2045 1848 2103 Masculus

225 2142 408 2200 huius
452 2141 673 2200 arboris
714 2158 826 2200 non
872 2142 984 2199 fert
1026 2141 1293 2210 fructum,
1353 2142 1448 2199 sed
1505 2141 1732 2199 tantum
1775 2143 1848 2201 fe-

227 2243 427 2310 mina;
491 2242 653 2297 cuius
707 2240 928 2298 fructus
982 2239 1274 2297 invenitur
1323 2240 1546 2312 duplex,
1591 2241 1848 2299 videlicet

227 2340 453 2398 rubeus
495 2339 554 2396 et
596 2339 863 2411 pallidus,
906 2337 964 2396 et
1005 2339 1094 2395 est
1134 2338 1359 2396 iucundi
1415 2338 1619 2397 odoris·
1660 2340 1845 2398 Arbor

225 2439 351 2497 ista
394 2437 566 2496 arbor
611 2454 861 2510 procera,
919 2437 1089 2495 arbor
1144 2454 1400 2495 crescens
1443 2438 1499 2494 in
1544 2437 1704 2510 Syria
1757 2438 1846 2496 est

220 2536 405 2595 beata
434 2535 612 2608 Virgo
654 2537 856 2593 Maria.
899 2536 1059 2608 Syria
1099 2535 1247 2592 enim
1289 2535 1702 2607 interpretatur
1744 2535 1844 2593 hu-

362 2785 409 2843 1)
447 2784 560 2831 Luc.
600 2784 644 2842 1,
682 2783 758 2830 79.
1506 2783 1554 2841 2)
1594 2783 1724 2830 Vers.
1759 2783 1839 2829 22.

357 2866 409 2924 3)
451 2864 779 2911 Ordinariam
813 2877 905 2911 sec.
944 2864 1177 2922 Lyranum
1210 2862 1258 2909 in
1294 2862 1438 2909 Eceli.
1474 2862 1553 2921 24,
1589 2863 1667 2909 22.

354 2946 407 3005 4)
446 2945 577 2994 XIII.
614 2945 670 2992 de
703 2944 820 2992 Nat.
857 2944 986 2991 nist.
1023 2957 1064 2990 c.
1107 2944 1180 2990 12.
1221 2943 1363 3003 (alias
1396 2944 1485 3004 6.).
