2237 3481
957 276 1292 321 PRAEFATIO.
1850 279 1932 321 vn

326 468 716 548 Germaniae,
772 468 1080 546 Austriae,
1145 468 1472 549 Helvetiae,
1538 469 1790 549 Damae,
1859 487 1932 537 ac

329 578 437 643 vix
485 576 864 664 quindecim
919 576 986 668 in¹
1053 576 1246 654 Italia,
1294 576 1489 643 Gallia
1549 594 1620 643 ac
1683 577 1930 662 Angiia;

327 683 495 750 unde
540 682 916 750 concludere
965 682 1058 749 fas
1095 689 1211 762 est,
1244 683 1621 767 opusculum
1671 682 1731 748 in
1782 682 1933 749 Ger-

331 790 537 856 mania
582 797 796 856 ortum
843 807 999 856 esse.
1570 806 1576 814 ·

507 896 567 963 3.
621 896 702 963 Ad
752 916 990 963 nomen
1038 914 1188 963 vero
1249 897 1527 964 auctoris
1573 896 1740 981 quod
1792 897 1933 963 atti-

327 1012 455 1083 net,
503 1011 797 1071 notamus
845 1004 1143 1088 primum,
1192 1004 1356 1072 inter
1404 1005 1647 1085 codices
1677 1024 1714 1071 a
1756 1004 1935 1071 nobis

327 1111 720 1178 examinatos
768 1111 948 1196 longe
997 1112 1299 1178 maiorem
1335 1120 1576 1196 partem
1610 1120 1931 1179 auctorem

328 1218 497 1284 haud
545 1218 888 1284 nominare.
944 1218 1087 1283 Duo
1135 1221 1320 1301 (saec.
1371 1218 1549 1301 xlv.)
1613 1218 1937 1285 nominant

327 1323 403 1389 fr.
464 1323 821 1410 Aegidium
879 1326 1282 1403 Romanum,
1329 1325 1464 1390 duo
1519 1324 1705 1411 (saec.
1758 1323 1935 1412 XIV.)

328 1429 393 1495 B.
424 1429 766 1497 Albercum
800 1431 908 1509 M„
941 1431 1152 1497 decem
1192 1429 1381 1517 (inter
1415 1449 1574 1517 quos
1605 1433 1740 1498 duo
1772 1449 1932 1499 saec.

328 1537 506 1619 XlV.)
556 1537 619 1604 S.
668 1539 1235 1617 Bonavencuram,
1283 1538 1736 1624 septemdecim
1786 1556 1936 1605 vero

327 1645 518 1727 (inter
551 1662 711 1729 quos
742 1653 1037 1733 quatuor
1075 1651 1225 1711 sunt
1272 1645 1502 1712 saeculi
1553 1645 1730 1729 XIV.)
1777 1644 1936 1711 indi-

327 1758 470 1818 cant
511 1750 587 1817 fr.
618 1752 1006 1819 Conradum
1039 1752 1116 1818 de
1151 1752 1477 1819 Saxonia.
1507 1753 1679 1819 Unde
1712 1770 1936 1820 secun-

326 1858 477 1925 dum
528 1859 814 1926 codicum
863 1859 1290 1926 testimonium
1340 1860 1417 1927 de
1465 1860 1612 1927 solo·
1645 1861 1702 1926 S.
1743 1859 1935 1926 Bona-

329 1974 598 2032 ventura
642 1971 706 2033 et
752 1965 829 2032 fr.
876 1966 1163 2033 Conrado
1210 1965 1287 2032 de
1335 1966 1604 2033 Saxonia
1652 1966 1936 2052 quaestio

327 2090 465 2139 esse
513 2079 738 2157 potest.

507 2181 706 2264 Quam
741 2180 1170 2265 quaestionem
1206 2180 1390 2246 solvit
1424 2181 1625 2265 ipsum
1661 2198 1931 2265 opuscu-

327 2288 481 2353 lum.
507 2286 578 2352 in
631 2286 893 2354 lectione
924 2286 1087 2353 enim
1123 2288 1268 2352 ΧΙΙΙ.
1305 2289 1468 2372 (pag.
1510 2289 1682 2369 179.)
1714 2296 1934 2354 auctor

325 2393 509 2461 dicit:
548 2419 581 2452 «
604 2393 718 2460 Sed
746 2393 896 2478 quia
920 2394 996 2461 de
1020 2394 1138 2460 hac
1172 2394 1388 2479 regina
1412 2394 1678 2460 disserui
1705 2394 1764 2460 in
1801 2396 1936 2462 Ser-

328 2518 511 2568 mone
560 2500 785 2566 Astitit
833 2501 1073 2587 reyina
1105 2508 1247 2580 etc„
1282 2501 1419 2567 ideo
1460 2519 1628 2567 nunc
1672 2501 1751 2568 de
1798 2501 1935 2568 eius

324 2607 614 2693 ingressu
640 2607 1075 2675 disserendum
1103 2613 1279 2687 est»;
1317 2608 1482 2675 unde
1514 2608 1634 2673 iam
1671 2615 1933 2687 constat,

324 2722 647 2781 auctorem
686 2715 879 2782 huius
911 2714 1222 2782 sermonis
1268 2715 1453 2781 etiam
1502 2732 1640 2781 esse
1687 2714 1933 2799 Speculi

320 2827 672 2888 auctorem.
720 2823 938 2889 Sermo
988 2840 1138 2888 vero
1174 2821 1422 2899 Astitz't,
1458 2821 1564 2906 qui
1602 2839 1723 2887 non
1762 2821 1934 2888 inve-

322 2928 502 2995 nitur
564 2928 729 2994 inter
784 2946 1107 2996 sermones
1170 2929 1240 2993 D.
1295 2928 1791 3007 Bonaventurae,
1840 2936 1934 2995 est
