2237 3481
847 283 1048 332 necno
1089 282 1207 332 nv.
1348 355 1352 359 Ι
1717 268 1834 334 203

224 484 419 543 autem
463 482 710 543 offensus
737 482 827 541 est
861 481 1051 541 Nabal
1080 482 1280 552 stulto,
1308 482 1532 555 quando
1561 481 1838 541 Dominus

224 582 477 667 offensus
516 582 608 641 est
666 582 881 640 homini
922 583 1113 654 impio.
1169 581 1353 639 David
1409 580 1599 639 Nabal
1656 580 1837 641 stulto

225 699 331 755 per
372 680 604 755 Abigail
646 681 925 753 placatur,
956 679 1183 754 quando
1224 679 1499 739 Dominus
1527 680 1699 752 impio
1739 696 1840 751 per

226 779 471 837 Mariam
515 777 929 837 reconciliatur.
961 777 1191 851 Abigail
1221 778 1471 850 placavit
1508 777 1690 835 David
1719 793 1839 835 ver-

230 876 323 935 bis
349 876 408 935 et
435 875 783 944 muneribus,
812 876 996 933 Maria
1026 876 1218 949 placat
1246 875 1549 935 Dominum
1579 875 1839 949 precibus

224 975 285 1034 et
330 973 570 1032 meritis.
611 972 842 1047 Abigail
884 972 1155 1033 ultionem
1212 973 1600 1046 temporalem,
1655 973 1839 1030 Maria

227 1088 363 1132 vero
405 1071 750 1130 aeternalem
809 1070 1109 1140 convertit,
1166 1070 1299 1129 dum
1356 1071 1457 1129 illa
1504 1071 1837 1139 humanum,

224 1170 342 1228 ista
384 1186 516 1229 vero
558 1169 811 1227 divinum
852 1168 1105 1243 gladium
1149 1169 1380 1228 avertit.
1436 1169 1680 1242 Propter
1732 1168 1839 1227 hoc

224 1267 368 1327 bene
410 1268 495 1326 ait
534 1267 737 1326 beatus
774 1267 1099 1326 Bernardus
1132 1265 1254 1343 (1):
1295 1290 1325 1319 α
1352 1267 1550 1338 Nemo,
1593 1268 1837 1336 domina,

225 1366 347 1425 tam
373 1365 623 1435 idoneus,
653 1368 749 1439 qui
776 1365 968 1439 gladio
997 1382 1100 1439 pro
1129 1365 1292 1424 nobis
1331 1383 1561 1424 manum
1591 1364 1834 1434 obiiciat,

225 1464 298 1523 ut
340 1463 424 1533 tu,
467 1463 571 1522 Dei
611 1463 1027 1533 amantissima,
1070 1480 1172 1536 per
1227 1480 1396 1536 quam
1450 1464 1694 1536 primum
1747 1479 1839 1520 su-

227 1555 528 1635 scepimus
574 1562 1010 1620 misericordiam
1075 1562 1144 1620 de
1207 1578 1379 1619 manu
1442 1561 1667 1620 Domini
1736 1560 1840 1619 Dei

224 1659 413 1720 nostri
441 1683 470 1712 »
486 1703 500 1717 .

388 1759 563 1828 Item,
603 1758 900 1828 carissimi,
945 1759 1128 1817 Maria
1169 1775 1281 1817 non
1321 1758 1502 1817 solum
1546 1757 1839 1816 benedicta

224 1856 335 1926 est,
379 1858 513 1930 quia
555 1873 656 1929 per
683 1874 805 1915 eam
851 1857 1003 1915 Deus
1030 1857 1243 1916 homini
1273 1855 1569 1930 placabilis
1604 1855 1710 1925 est,
1740 1855 1838 1913 sed

226 1956 403 2013 etiam
444 1953 569 2015 ideo
596 1954 889 2014 benedicta
917 1955 1022 2024 est,
1051 1957 1187 2029 quia
1215 1972 1316 2028 per
1343 1972 1466 2013 eam
1510 1954 1680 2013 homo
1709 1954 1836 2012 Deo

223 2052 606 2125 acceptabilis
647 2054 754 2123 est,
798 2069 862 2112 eo
917 2054 1064 2127 quod
1107 2070 1209 2126 per
1249 2055 1432 2126 ipsam
1486 2051 1833 2110 benedictam

222 2151 394 2210 homo
456 2151 782 2210 benedictus
824 2150 930 2210 est.
974 2151 1135 2209 Unde
1178 2151 1316 2210 bene
1378 2151 1563 2209 Isaiae
1626 2149 1838 2210 decimo

224 2266 378 2309 nono
409 2249 499 2324 (2)
556 2250 782 2319 dicitur,
825 2249 972 2323 quod
1014 2251 1130 2308 erit
1168 2249 1367 2308 Israel
1416 2248 1730 2308 benedictio
1771 2250 1839 2307 in

223 2346 416 2405 medio
461 2349 665 2421 terrae,
697 2348 795 2405 cui
822 2347 1111 2407 benedixit
1139 2347 1434 2406 Dominus
1460 2348 1835 2420 excercituum,

225 2445 455 2504 dicens:
499 2444 853 2503 Benedictus
884 2444 1149 2518 populns
1202 2461 1363 2504 meus
1418 2445 1525 2503 etc.
1566 2444 1838 2503 Medium

226 2546 440 2616 terrae,
481 2543 579 2601 cui
621 2543 911 2602 benedixit
949 2544 1267 2616 Dominus,
1296 2542 1404 2601 dici
1445 2542 1635 2615 potest
1670 2542 1838 2601 beata

224 2640 426 2715 Virgo,
469 2641 529 2698 in
570 2657 680 2715 quo
722 2640 910 2700 terrae
950 2641 1131 2700 medio
1174 2640 1439 2700 inchoata
1492 2640 1581 2700 est
1631 2640 1838 2700 salutis

358 2870 406 2931 1)
441 2869 659 2930 Egbert„
694 2871 784 2918 loc.
820 2870 906 2918 cit.
943 2885 990 2918 n.
1030 2872 1073 2917 1.

350 2950 402 3009 2)
438 2951 573 2998 Vers.
608 2950 687 2998 24.
723 2953 775 2997 et
806 2953 885 2999 25.
