2237 3481
421 261 536 321 140
925 280 1216 321 SPECULUM
1258 281 1309 321 B.
1352 280 1415 321 M.
1458 280 1513 321 v.

419 470 583 528 dibus
624 488 828 543 aquam
891 469 1117 540 obtulit,
1159 471 1297 544 quot
1359 470 1777 543 poenitentibus
1830 471 2018 543 lacry-

421 586 543 626 mas
604 569 1047 641 compunctionis
1109 569 1373 628 obizinuit.
1416 569 1689 628 Dominus
1743 585 1877 642 ergo
1928 569 2019 627 izo-

417 685 561 736 cum,
604 685 636 728 o
677 668 876 737 Maria,
920 668 1190 740 tanquam
1234 685 1359 725 cum
1388 668 1597 726 ancilla
1634 667 2015 736 devotissima,

417 765 691 824 Dominus
753 765 925 823 Pater
980 766 1182 832 tecum,
1242 766 1514 824 Dominus
1576 765 1755 823 Filius
1811 765 2016 836 tecum,

421 864 694 923 Dominus
735 865 981 937 Spiritus
1036 865 1268 922 sanctus
1323 864 1525 922 tecum.
1577 863 1736 924 Unde
1777 862 2017 922 Bernar-

416 963 521 1020 dus
546 962 667 1037 (1):
724 985 752 1014 α
782 962 972 1031 Pater,
1016 964 1264 1036 inquam,
1308 963 1509 1031 tecum,
1553 963 1645 1035 qui
1703 979 1863 1020 suum
1930 962 2015 1020 Fi-

414 1062 553 1118 lium
596 1061 731 1119 facit
772 1061 830 1118 et.
871 1061 1049 1119 tuum.
1090 1061 1271 1118 Filius
1312 1061 1515 1129 tecum,
1556 1062 1651 1134 qui
1677 1061 1749 1118 ad
1777 1061 2017 1118 conden-

418 1159 548 1217 dum
594 1161 649 1216 in
695 1159 750 1217 to
793 1158 1047 1216 mirabile
1116 1159 1532 1217 sacramentum
1573 1160 1715 1217 miro
1756 1160 1920 1218 modo
1961 1160 2018 1216 ot

417 1258 523 1315 sibi
565 1258 782 1316 roserat
819 1257 1067 1331 genitale
1118 1257 1392 1315 secretum
1436 1257 1493 1315 et
1533 1257 1637 1315 tibi
1675 1258 1869 1314 servat
1908 1260 2016 1315 vir-

411 1358 601 1430 ginalo
644 1356 1015 1429 signaculum.
1082 1357 1328 1428 Spiritus
1392 1357 1624 1414 sancius
1666 1356 1870 1424 tecum,
1915 1357 2007 1429 qui

412 1471 536 1512 cum
580 1455 752 1512 Patre
795 1455 852 1512 et
892 1454 1035 1513 Filio
1076 1455 1237 1512 tuum
1279 1454 1599 1512 sanctificat
1626 1454 1870 1512 uterum.
1903 1454 2015 1513 Do-

413 1554 600 1610 minus
644 1570 777 1626 ergo
818 1554 1003 1611 tecum
1032 1576 1089 1609 a».
1135 1553 1408 1610 Dominus
1468 1552 1637 1621 corto,
1678 1554 1837 1610 cuius
1895 1553 2012 1610 filia

413 1668 490 1720 οε,
533 1668 644 1724 qua
684 1652 845 1709 nulla
886 1651 1153 1721 nobilior;
1201 1651 1491 1719 Dominus,
1534 1652 1693 1709 cuius
1722 1651 1905 1708 mater
1934 1667 2012 1720 (38,

412 1768 527 1824 qua
567 1752 728 1809 nulla
770 1751 1111 1821 mirabilior3
1159 1751 1449 1818 Dominu8‚
1492 1751 1649 1808 cuius
1677 1766 1889 1823 sponsa
1931 1768 2008 1819 es,

414 1866 525 1922 qua
565 1849 727 1907 nulla
768 1849 1094 1920 amabilior3
1138 1849 1431 1916 DominuS,
1473 1850 1632 1907 cuius
1683 1849 1893 1906 ancilla
1934 1865 2014 1917 es,

411 1964 522 2020 qua
564 1947 724 2005 nulla
765 1947 1031 2006 humilior
1072 1964 1320 2021 unquam
1363 1945 1474 2004 fuit
1513 1963 1614 2005 noc
1654 1946 1873 2013 estnec
1902 1947 2014 2005 orit

411 2047 469 2104 in
511 2046 825 2104 aossernum.
881 2046 985 2104 Eia
1041 2063 1196 2120 ergo,
1241 2046 1497 2114 Domina,
1540 2047 1673 2118 quia
1734 2045 2015 2104 Dominus

411 2145 611 2202 iantus
652 2162 717 2203 ac
760 2145 895 2203 talis
937 2145 1164 2202 tantum
1207 2161 1273 2202 ac
1314 2144 1508 2201 taliter
1550 2143 1870 2213 esttecum,
1900 2144 2011 2213 fac,

411 2243 478 2301 ut
518 2244 688 2300 etiam
732 2245 852 2316 ipse
895 2262 995 2317 por
1034 2243 1283 2317 gratiam
1326 2243 1404 2300 sit
1443 2243 1752 2301 nobiscum.

540 2474 583 2533 1)
620 2472 791 2520 Homil.
829 2473 874 2520 3.
911 2487 1048 2532 super
1081 2473 1266 2519 Missus
1299 2476 1372 2519 est
1403 2487 1451 2519 n.
1486 2472 1533 2518 4.
