2237 3481
408 252 487 310 42
916 268 1207 311 SPECULUM
1248 269 1300 310 B.
1342 269 1408 310 11.
1449 269 1501 312 v.

407 461 576 534 virqa
616 459 831 519 Aaron
853 459 942 535 (1)
986 461 1203 531 florida
1243 478 1343 534 per
1385 460 1772 534 virginitatem
1801 461 1859 519 et
1884 458 2006 530 fru-

408 556 618 628 ctifera
659 575 760 632 per
800 558 1223 616 fecunditatem.
1263 558 1404 631 Ipsa
1442 575 1660 631 qnoque
1703 559 1793 617 est
1825 560 2005 632 virga,

408 657 475 714 de
516 674 627 729 qua
677 657 883 715 dicitur
923 656 1111 715 Isaiae
1166 657 1455 715 undecimo
1488 657 1610 732 (2):
1652 656 2006 730 Eqredietur

407 756 579 828 virqa
619 757 687 814 de
724 755 920 814 radice
960 755 1152 826 Iesse;
1191 755 1328 814 haec
1368 757 1548 829 virga,
1587 755 1762 828 Virgo
1805 755 2005 824 Maria,

406 853 579 926 virga
616 854 854 911 virtutis
881 853 970 910 est
997 853 1198 912 contra
1234 854 1487 912 inimicos
1529 853 1854 922 infernales,
1884 854 2008 925 qni-

407 950 514 1008 bns
557 968 765 1025 magna
826 950 1040 1009 virtute
1099 951 1441 1020 dominatur,
1484 951 1542 1009 et
1600 952 1721 1010 ideo
1782 951 2008 1010 domina

408 1049 527 1107 tam
571 1066 809 1123 magnae
849 1049 1084 1108 virtutis
1125 1049 1325 1108 merito
1352 1066 1387 1107 a
1416 1049 1577 1108 nobis
1604 1053 1864 1122 amatur,
1895 1054 2029 1107 me-''

406 1147 519 1206 rito
559 1165 594 1205 a
634 1147 796 1205 nobis
841 1147 1123 1206 laudatur
1163 1148 1222 1205 et
1262 1148 1461 1206 merito
1501 1165 1536 1205 a
1592 1148 1754 1206 nobis
1803 1164 2008 1206 exora-

410 1249 527 1319 tur,
567 1246 635 1303 nt
674 1262 777 1304 nos
819 1245 1017 1304 contra
1057 1247 1312 1305 inimicos
1353 1246 1494 1305 istos
1536 1247 1781 1305 tueatur.
1812 1246 2009 1305 Exem-

411 1345 567 1416 plum
609 1344 711 1402 dat
750 1343 913 1402 nobis
952 1344 1260 1402 Anselmus
1284 1343 1394 1419 (3),
1437 1346 1532 1417 qui
1575 1344 1797 1402 tantam
1839 1345 2009 1403 domi·

409 1460 540 1501 nam
581 1443 893 1515 alloquens,
935 1443 1047 1500 ait:
1088 1466 1116 1495 e
1147 1444 1240 1513 Te,
1270 1442 1494 1502 domina
1522 1460 1730 1517 magna
1758 1443 1817 1502 et
1844 1444 2008 1502 valde

408 1559 633 1615 magna,
676 1543 733 1601 te
794 1543 921 1601 vult
982 1559 1077 1602 001·
1118 1560 1301 1601 meum
1364 1560 1573 1611 amare,
1615 1542 1672 1600 te
1733 1543 1893 1615 cupit
1947 1560 2010 1602 os

408 1657 590 1698 meum
630 1641 883 1712 laudare,
928 1642 983 1699 te
1024 1641 1310 1699 desiderat
1349 1643 1608 1699 venerari
1660 1658 1820 1699 mens
1862 1658 2006 1711 mea,

407 1739 464 1798 te
504 1738 734 1799 affectat
775 1758 1002 1800 exorare
1044 1740 1235 1799 anima
1279 1757 1420 1810 mea,
1461 1740 1594 1813 quia
1619 1739 1848 1798 tuitioni
1875 1740 2010 1799 tuae

408 1856 468 1897 se
508 1839 859 1898 commendat
901 1840 1023 1898 tota
1065 1839 1390 1897 substantia
1422 1855 1544 1897 mea
1565 1862 1621 1898 ».
1651 1871 1732 1880 -
1757 1840 1845 1897 Sic
1873 1856 2009 1912 ergo

408 1938 581 2007 videa,
622 1937 895 2010 quomodo
935 1938 1117 1996 Maria
1154 1937 1248 2000 est
1288 1937 1512 1996 domina
1561 1937 1892 2011 angelorum
1948 1939 2009 1995 in

406 2037 578 2105 caelo,
618 2037 843 2094 domina
897 2036 1185 2094 hominum
1228 2037 1284 2094 in
1343 2036 1569 2105 mundo,
1611 2035 1837 2094 domina
1878 2036 2013 2095 dae-

409 2150 635 2193 monum
677 2136 733 2192 in
778 2134 1017 2193 inferno.

567 2233 737 2292 Vides
779 2248 913 2307 ergo
953 2250 1019 2291 ex
1062 2233 1381 2305 praedictis,
1423 2232 1570 2305 quod
1623 2232 1808 2290 Maria
1846 2250 2013 2291 mare

408 2348 702 2404 amarum,
730 2331 913 2389 Maria
939 2330 1112 2389 stella
1138 2332 1345 2404 maris,
1373 2330 1557 2389 Maria
1585 2330 2012 2405 illuminatrix,

406 2430 588 2487 Maria
614 2431 855 2488 domina
884 2430 1404 2488 convenientissime
1431 2429 1864 2502 interpretatur.
1893 2429 2016 2487 Ma·

405 2529 491 2585 ria
533 2529 680 2586 enim
706 2545 961 2586 amarum
992 2545 1146 2586 mare
1174 2527 1263 2586 est
1290 2527 1663 2586 daemonibus
1702 2529 2013 2601 perversis,

404 2626 587 2685 Maria
627 2627 796 2685 stella
836 2628 1008 2684 maris
1049 2627 1139 2684 est
1180 2626 1511 2686 hominibus
1554 2627 1862 2701 conversiS,
1892 2627 2015 2685 Ma—

536 2859 582 2918 1)
618 2859 756 2905 Num.
805 2860 880 2919 17,
924 2860 970 2905 8.
1698 2860 1749 2919 2)
1786 2859 1923 2908 Vere.
1964 2861 2010 2907 1.

532 2939 580 2998 3)
617 2940 750 2986 Orat.
786 2940 864 2986 52.
904 2940 1045 2999 (alias
1077 2941 1180 3000 51.)
1214 2939 1264 2987 in
1297 2940 1544 3001 principie.

416 3183 437 3210 οἱ.
613 3203 617 3208 1

442 3231 457 3236 -r
694 3231 698 3240 ι

428 3227 487 3373 ,ι

502 3293 513 3298 '⁸
552 3297 557 3306 1

582 3335 629 3372 Ἢεί
640 3365 647 3372 2
