2237 3481
851 263 1049 307 Lac'rlo
1090 262 1253 307 xvm.
1737 244 1851 302 265

252 461 342 519 est
382 462 600 534 lignum
663 459 766 518 hoo
821 457 1194 526 fructuosum,
1237 457 1304 515 de
1359 473 1492 529 quo,
1523 455 1760 514 dicitur:
1803 458 1858 513 et

255 560 480 634 limeum
521 558 727 616 attulit
754 556 1025 627 fructum
1064 573 1257 615 suum.
1300 555 1346 614 O
1375 573 1504 614 vere
1543 555 1856 613 mirabilem

253 657 533 715 fructum!
577 673 677 730 per
717 672 882 728 quem
925 655 1043 713 tam
1086 654 1266 712 fames
1321 671 1490 728 quam
1543 653 1670 711 sitis
1724 653 1858 710 rele-

252 755 424 813 vatur
465 756 800 823 animarum,
852 754 1000 812 sicut
1053 753 1303 811 testatur
1358 752 1560 811 beatus
1613 751 1859 809 Bernar-

253 854 359 912 dus
389 853 498 929 (1),
540 853 758 912 dicens:
813 875 842 904 ‹<
870 852 1062 911 Bonus
1101 852 1341 921 fructuS,
1382 853 1478 925 qui
1540 852 1855 909 animarum

253 952 632 1011 esurientium
659 954 714 1009 et
739 951 1061 1008 sitientium
1085 950 1377 1008 iustitiam
1409 950 1497 1025 (2)
1540 950 1599 1007 et
1639 966 1765 1007 esca
1802 949 1860 1006 e'o

256 1050 426 1123 potus
467 1051 557 1108 est
583 1074 638 1108 ».
692 1050 885 1109 Nolite
947 1066 1081 1122 ergo
1146 1049 1361 1118 timere,
1411 1050 1682 1107 animalia
1737 1048 1857 1117 Dei,

255 1150 429 1207 nolite
450 1148 666 1217 timere,
695 1148 888 1207 fideles
918 1147 1151 1215 Christi,
1180 1148 1326 1219 quod
1353 1147 1539 1206 inedia
1566 1146 1858 1214 deficiatiS,

256 1264 380 1305 cum
424 1248 593 1320 plena
632 1263 842 1320 pascua
883 1248 941 1304 in
984 1246 1226 1315 deserto,
1256 1247 1486 1318 plenum
1522 1245 1769 1303 fructum
1800 1246 1858 1302 in

253 1347 429 1419 ligno,
471 1346 700 1419 plenum
741 1346 911 1403 etiam
977 1344 1247 1418 pabulum
1311 1346 1370 1401 in
1433 1345 1725 1416 praesepio
1765 1342 1860 1401 ha-

256 1444 458 1501 beatis.
500 1441 602 1501 Ait
642 1445 789 1501 enim
834 1442 1035 1501 beatus
1098 1443 1406 1516 Gregorius
1435 1442 1557 1517 (3):
1611 1464 1640 1493 α
1668 1441 1859 1500 Natus

256 1542 566 1601 reclinatur
606 1544 663 1600 in
710 1544 1020 1615 praesepio,
1087 1541 1154 1599 ut
1208 1541 1402 1599 fideles
1458 1558 1649 1599 omnes
1703 1541 1861 1598 velut
1921 1529 1926 1536 ’

256 1640 455 1699 sancta
495 1640 764 1698 animalia
805 1642 994 1698 carnis
1036 1657 1171 1698 suae
1210 1639 1480 1719 alimento
1515 1639 1770 1697 reficeret
1793 1656 1875 1719 »;,

254 1740 315 1799 et
354 1739 556 1798 beatus
606 1738 968 1813 Augustinus
998 1738 1115 1814 (4):
1185 1761 1215 1791 <x
1243 1737 1289 1797 O
1352 1755 1620 1812 praesepe
1677 1738 1861 1810 splen·

256 1839 467 1908 didum,
510 1841 569 1897 in
611 1856 721 1911 quo
762 1854 874 1897 non
915 1839 1089 1897 iacuit
1116 1838 1340 1897 foenum
1383 1839 1733 1911 animalium,
1764 1838 1860 1894 sed

255 1937 412 1995 cibus
452 1938 779 2011 angelorum
824 1937 1092 1995 inventus
1136 1938 1224 1995 est
1251 1939 1307 1993 »1

418 2036 646 2109 Quinto,
674 2038 968 2104 carissimi,
998 2038 1348 2094 necessarius
1376 2034 1465 2093 est
1492 2035 1712 2093 fructus
1739 2035 1861 2091 Ma-

261 2136 379 2193 riae
434 2134 760 2193 benedictus
811 2136 881 2193 ad
942 2136 1309 2193 evitationem
1364 2136 1493 2192 irae
1541 2133 1858 2202 iudicialis

259 2250 428 2306 quam
470 2235 664 2307 utique
705 2235 915 2292 certam
959 2233 1133 2291 habet
1181 2235 1363 2292 omnis
1406 2232 1670 2301 iniustuS,
1715 2233 1860 2290 sieut

258 2332 523 2401 fructum,
565 2349 675 2404 quo
715 2334 803 2390 ira
843 2332 1032 2390 iudicii
1071 2331 1349 2400 evaditur,
1400 2333 1615 2390 certum
1666 2331 1860 2404 utique

258 2430 431 2488 habet
471 2432 652 2490 omnis
692 2430 911 2500 iustus3
955 2431 1101 2489 unde
1143 2433 1199 2489 in
1235 2431 1464 2490 Psalmo
1488 2431 1577 2507 (5)
1621 2431 1858 2489 dicitur:

389 2700 435 2758 1)
469 2699 644 2745 Homil.
681 2699 728 2745 3.
765 2712 903 2758 super
936 2698 1123 2745 Missus
1154 2704 1227 2746 est
1258 2713 1306 2745 n.
1343 2700 1390 2746 6.

382 2780 433 2840 2)
469 2780 645 2826 Matth.
681 2781 728 2838 5,
765 2780 812 2826 6.
1052 2779 1100 2839 3)
1137 2779 1175 2826 Ι.
1211 2779 1387 2826 Homil.
1423 2780 1473 2827 in
1506 2780 1689 2838 Evang.
1725 2795 1773 2828 n.
1815 2781 1856 2827 1.

381 2860 432 2920 4)
467 2861 614 2906 Serm.
655 2860 759 2907 119.
795 2861 995 2919 append.
1035 2859 1178 2919 (alias
1210 2861 1256 2907 9.
1294 2861 1349 2907 de
1383 2862 1564 2921 Temp.)
1601 2875 1649 2907 n.
1685 2863 1732 2908 5.

382 2941 432 3000 5)
468 2941 641 2988 Psalm.
676 2942 756 3000 57,
796 2941 868 2988 12.
