<?xml version="1.0" encoding="UTF-8"?>
<!DOCTYPE html PUBLIC "-//W3C//DTD XHTML 1.0 Transitional//EN"
    "http://www.w3.org/TR/xhtml1/DTD/xhtml1-transitional.dtd">
<html xmlns="http://www.w3.org/1999/xhtml" xml:lang="en" lang="en">
 <head>
  <title>
</title>
<meta http-equiv="Content-Type" content="text/html;charset=utf-8" />
  <meta name='ocr-system' content='tesseract 3.04.00' />
  <meta name='ocr-capabilities' content='ocr_page ocr_carea ocr_par ocr_line ocrx_word'/>
</head>
<body>
  <div class='ocr_page' id='page_1' title='image "./speculumbeataem00brungoog_0111.png"; bbox 0 0 2237 3481; ppageno 0'>
   <div class='ocr_carea' id='block_1_1' title="bbox 888 272 1846 333">
    <p class='ocr_par' dir='ltr' id='par_1_1' title="bbox 888 272 1846 333">
     <span class='ocr_line' id='line_1_1' title="bbox 888 272 1846 333; baseline -0.001 -1"><span class='ocrx_word' id='word_1_1' title='bbox 888 290 1086 333; x_wconf 71' lang='lat' dir='ltr'>mono</span> <span class='ocrx_word' id='word_1_2' title='bbox 1129 290 1209 332; x_wconf 81' lang='lat' dir='ltr'>VI.</span> <span class='ocrx_word' id='word_1_3' title='bbox 1769 272 1846 331; x_wconf 76' lang='grc'>77</span> 
     </span>
    </p>
   </div>
   <div class='ocr_carea' id='block_1_2' title="bbox 231 480 1850 2330">
    <p class='ocr_par' dir='ltr' id='par_1_2' title="bbox 231 480 1850 2330">
     <span class='ocr_line' id='line_1_2' title="bbox 403 480 1850 556; baseline 0.002 -18"><span class='ocrx_word' id='word_1_4' title='bbox 403 481 654 539; x_wconf 88' lang='lat' dir='ltr'>Secundo</span> <span class='ocrx_word' id='word_1_5' title='bbox 694 480 1062 549; x_wconf 88' lang='lat' dir='ltr'>considerate,</span> <span class='ocrx_word' id='word_1_6' title='bbox 1103 482 1397 549; x_wconf 80' lang='lat' dir='ltr'>carissimi,</span> <span class='ocrx_word' id='word_1_7' title='bbox 1426 481 1485 539; x_wconf 91' lang='lat' dir='ltr'>in</span> <span class='ocrx_word' id='word_1_8' title='bbox 1513 482 1697 539; x_wconf 88' lang='lat' dir='ltr'>Maria</span> <span class='ocrx_word' id='word_1_9' title='bbox 1724 501 1850 556; x_wconf 89' lang='lat' dir='ltr'>gra·</span> 
     </span>
     <span class='ocr_line' id='line_1_3' title="bbox 238 578 1846 655; baseline 0.002 -18"><span class='ocrx_word' id='word_1_10' title='bbox 238 580 385 638; x_wconf 88' lang='lat' dir='ltr'>tiam</span> <span class='ocrx_word' id='word_1_11' title='bbox 441 580 773 650; x_wconf 84' lang='lat' dir='ltr'>labiorum,·</span> <span class='ocrx_word' id='word_1_12' title='bbox 812 581 878 638; x_wconf 87' lang='lat' dir='ltr'>de</span> <span class='ocrx_word' id='word_1_13' title='bbox 934 597 1044 653; x_wconf 90' lang='lat' dir='ltr'>qua</span> <span class='ocrx_word' id='word_1_14' title='bbox 1099 581 1158 637; x_wconf 93' lang='lat' dir='ltr'>in</span> <span class='ocrx_word' id='word_1_15' title='bbox 1215 581 1444 639; x_wconf 83' lang='lat' dir='ltr'><strong>Psalmo</strong></span> <span class='ocrx_word' id='word_1_16' title='bbox 1475 578 1564 655; x_wconf 89' lang='lat'>(1)</span> <span class='ocrx_word' id='word_1_17' title='bbox 1608 581 1846 640; x_wconf 88' lang='lat' dir='ltr'>dicitur:</span> 
     </span>
     <span class='ocr_line' id='line_1_4' title="bbox 237 677 1843 753; baseline 0.001 -16"><span class='ocrx_word' id='word_1_18' title='bbox 237 677 491 747; x_wconf 84' lang='lat' dir='ltr'>Diffusa</span> <span class='ocrx_word' id='word_1_19' title='bbox 530 681 616 736; x_wconf 76' lang='lat' dir='ltr'>est</span> <span class='ocrx_word' id='word_1_20' title='bbox 652 679 857 752; x_wconf 71' lang='lat' dir='ltr'>qratia</span> <span class='ocrx_word' id='word_1_21' title='bbox 897 679 963 735; x_wconf 78' lang='lat' dir='ltr'>in</span> <span class='ocrx_word' id='word_1_22' title='bbox 994 679 1166 737; x_wconf 84' lang='lat' dir='ltr'>labiis</span> <span class='ocrx_word' id='word_1_23' title='bbox 1197 680 1331 738; x_wconf 80' lang='lat' dir='ltr'>tuis.</span> <span class='ocrx_word' id='word_1_24' title='bbox 1361 679 1547 737; x_wconf 87' lang='lat' dir='ltr'>Tanta</span> <span class='ocrx_word' id='word_1_25' title='bbox 1576 680 1843 753; x_wconf 87' lang='lat' dir='ltr'>siquidem</span> 
     </span>
     <span class='ocr_line' id='line_1_5' title="bbox 238 776 1848 851; baseline 0.001 -16"><span class='ocrx_word' id='word_1_26' title='bbox 238 776 353 835; x_wconf 88' lang='lat' dir='ltr'>fuit</span> <span class='ocrx_word' id='word_1_27' title='bbox 392 776 584 850; x_wconf 87' lang='lat' dir='ltr'>gratia</span> <span class='ocrx_word' id='word_1_28' title='bbox 633 776 910 836; x_wconf 85' lang='lat' dir='ltr'>labiorum</span> <span class='ocrx_word' id='word_1_29' title='bbox 960 778 1017 835; x_wconf 92' lang='lat' dir='ltr'>in</span> <span class='ocrx_word' id='word_1_30' title='bbox 1079 778 1281 847; x_wconf 88' lang='lat' dir='ltr'>Maria,</span> <span class='ocrx_word' id='word_1_31' title='bbox 1326 778 1390 836; x_wconf 74' lang='lat' dir='ltr'>ut</span> <span class='ocrx_word' id='word_1_32' title='bbox 1451 779 1578 851; x_wconf 86' lang='lat' dir='ltr'>ipsa</span> <span class='ocrx_word' id='word_1_33' title='bbox 1639 778 1848 851; x_wconf 90' lang='lat' dir='ltr'>optime</span> 
     </span>
     <span class='ocr_line' id='line_1_6' title="bbox 242 874 1847 950; baseline 0.001 -16"><span class='ocrx_word' id='word_1_34' title='bbox 242 892 347 949; x_wconf 90' lang='lat' dir='ltr'>per</span> <span class='ocrx_word' id='word_1_35' title='bbox 388 876 546 933; x_wconf 91' lang='lat' dir='ltr'>illam</span> <span class='ocrx_word' id='word_1_36' title='bbox 588 874 786 933; x_wconf 86' lang='lat' dir='ltr'>Iudith</span> <span class='ocrx_word' id='word_1_37' title='bbox 838 877 1053 949; x_wconf 90' lang='lat' dir='ltr'>signari</span> <span class='ocrx_word' id='word_1_38' title='bbox 1111 876 1310 948; x_wconf 83' lang='lat' dir='ltr'>possit,</span> <span class='ocrx_word' id='word_1_39' title='bbox 1353 877 1419 934; x_wconf 87' lang='lat' dir='ltr'>de</span> <span class='ocrx_word' id='word_1_40' title='bbox 1474 894 1586 950; x_wconf 90' lang='lat' dir='ltr'>qua</span> <span class='ocrx_word' id='word_1_41' title='bbox 1642 877 1847 936; x_wconf 87' lang='lat' dir='ltr'>dicitur</span> 
     </span>
     <span class='ocr_line' id='line_1_7' title="bbox 238 972 1848 1048; baseline 0.001 -15"><span class='ocrx_word' id='word_1_42' title='bbox 238 972 440 1033; x_wconf 85' lang='lat' dir='ltr'>Iudith</span> <span class='ocrx_word' id='word_1_43' title='bbox 485 974 775 1033; x_wconf 88' lang='lat' dir='ltr'>undecimo</span> <span class='ocrx_word' id='word_1_44' title='bbox 806 974 928 1048; x_wconf 83' lang='lat'>(2):</span> <span class='ocrx_word' id='word_1_45' title='bbox 977 974 1117 1032; x_wconf 77' lang='lat' dir='ltr'>Nou</span> <span class='ocrx_word' id='word_1_46' title='bbox 1145 977 1231 1032; x_wconf 80' lang='lat' dir='ltr'>est</span> <span class='ocrx_word' id='word_1_47' title='bbox 1269 976 1480 1034; x_wconf 83' lang='lat' dir='ltr'>mulier</span> <span class='ocrx_word' id='word_1_48' title='bbox 1509 976 1646 1034; x_wconf 81' lang='lat' dir='ltr'>talis</span> <span class='ocrx_word' id='word_1_49' title='bbox 1673 993 1848 1048; x_wconf 78' lang='lat' dir='ltr'>super</span> 
     </span>
     <span class='ocr_line' id='line_1_8' title="bbox 241 1073 1848 1146; baseline 0.001 -15"><span class='ocrx_word' id='word_1_50' title='bbox 241 1076 466 1131; x_wconf 78' lang='lat' dir='ltr'>terram</span> <span class='ocrx_word' id='word_1_51' title='bbox 505 1074 568 1130; x_wconf 80' lang='lat' dir='ltr'>in</span> <span class='ocrx_word' id='word_1_52' title='bbox 611 1076 867 1146; x_wconf 74' lang='lat' dir='ltr'>aspectu,</span> <span class='ocrx_word' id='word_1_53' title='bbox 910 1075 972 1130; x_wconf 81' lang='lat' dir='ltr'>in</span> <span class='ocrx_word' id='word_1_54' title='bbox 1006 1073 1457 1146; x_wconf 73' lang='lat' dir='ltr'><em>pulchritudine</em></span> <span class='ocrx_word' id='word_1_55' title='bbox 1484 1077 1539 1132; x_wconf 85' lang='lat' dir='ltr'>et</span> <span class='ocrx_word' id='word_1_56' title='bbox 1572 1076 1635 1132; x_wconf 81' lang='lat' dir='ltr'>in</span> <span class='ocrx_word' id='word_1_57' title='bbox 1674 1092 1848 1133; x_wconf 80' lang='lat' dir='ltr'>sensu</span> 
     </span>
     <span class='ocr_line' id='line_1_9' title="bbox 236 1171 1849 1244; baseline 0 -15"><span class='ocrx_word' id='word_1_58' title='bbox 236 1171 568 1229; x_wconf 85' lang='lat' dir='ltr'>verborum.</span> <span class='ocrx_word' id='word_1_59' title='bbox 610 1171 690 1229; x_wconf 88' lang='lat' dir='ltr'>Re</span> <span class='ocrx_word' id='word_1_60' title='bbox 733 1188 867 1229; x_wconf 84' lang='lat' dir='ltr'>vera</span> <span class='ocrx_word' id='word_1_61' title='bbox 927 1187 1047 1229; x_wconf 76' lang='lat' dir='ltr'>uon</span> <span class='ocrx_word' id='word_1_62' title='bbox 1108 1174 1211 1244; x_wconf 83' lang='lat' dir='ltr'>est,</span> <span class='ocrx_word' id='word_1_63' title='bbox 1255 1188 1366 1231; x_wconf 89' lang='lat' dir='ltr'>non</span> <span class='ocrx_word' id='word_1_64' title='bbox 1415 1172 1541 1241; x_wconf 85' lang='lat' dir='ltr'>fuit,</span> <span class='ocrx_word' id='word_1_65' title='bbox 1585 1189 1697 1231; x_wconf 91' lang='lat' dir='ltr'>non</span> <span class='ocrx_word' id='word_1_66' title='bbox 1740 1174 1849 1231; x_wconf 86' lang='lat' dir='ltr'>erit</span> 
     </span>
     <span class='ocr_line' id='line_1_10' title="bbox 237 1269 1848 1342; baseline 0.001 -15"><span class='ocrx_word' id='word_1_67' title='bbox 237 1269 454 1327; x_wconf 83' lang='lat' dir='ltr'>mulier</span> <span class='ocrx_word' id='word_1_68' title='bbox 497 1270 636 1328; x_wconf 83' lang='lat' dir='ltr'>talis</span> <span class='ocrx_word' id='word_1_69' title='bbox 678 1272 1122 1342; x_wconf 61' lang='lat' dir='ltr'>superterram,</span> <span class='ocrx_word' id='word_1_70' title='bbox 1165 1270 1350 1342; x_wconf 87' lang='lat' dir='ltr'>qualis</span> <span class='ocrx_word' id='word_1_71' title='bbox 1389 1271 1572 1328; x_wconf 89' lang='lat' dir='ltr'>Maria</span> <span class='ocrx_word' id='word_1_72' title='bbox 1613 1270 1739 1339; x_wconf 87' lang='lat' dir='ltr'>fuit,</span> <span class='ocrx_word' id='word_1_73' title='bbox 1782 1272 1848 1329; x_wconf 79' lang='lat' dir='ltr'>in</span> 
     </span>
     <span class='ocr_line' id='line_1_11' title="bbox 238 1367 1847 1440; baseline 0 -13"><span class='ocrx_word' id='word_1_74' title='bbox 238 1370 480 1440; x_wconf 80' lang='lat' dir='ltr'>aspectu</span> <span class='ocrx_word' id='word_1_75' title='bbox 519 1369 866 1426; x_wconf 81' lang='lat' dir='ltr'>clarissimae</span> <span class='ocrx_word' id='word_1_76' title='bbox 908 1367 1076 1436; x_wconf 83' lang='lat' dir='ltr'>vitae,</span> <span class='ocrx_word' id='word_1_77' title='bbox 1121 1368 1186 1424; x_wconf 79' lang='lat' dir='ltr'>in</span> <span class='ocrx_word' id='word_1_78' title='bbox 1216 1368 1663 1440; x_wconf 76' lang='lat' dir='ltr'>pulchritudine</span> <span class='ocrx_word' id='word_1_79' title='bbox 1693 1386 1847 1427; x_wconf 90' lang='lat' dir='ltr'>mun-</span> 
     </span>
     <span class='ocr_line' id='line_1_12' title="bbox 236 1466 1849 1525; baseline -0.001 -1"><span class='ocrx_word' id='word_1_80' title='bbox 236 1467 504 1524; x_wconf 86' lang='lat' dir='ltr'>dissimae</span> <span class='ocrx_word' id='word_1_81' title='bbox 544 1466 916 1525; x_wconf 88' lang='lat' dir='ltr'>conscientiae</span> <span class='ocrx_word' id='word_1_82' title='bbox 944 1466 1002 1524; x_wconf 89' lang='lat' dir='ltr'>et</span> <span class='ocrx_word' id='word_1_83' title='bbox 1029 1467 1095 1523; x_wconf 79' lang='lat' dir='ltr'>in</span> <span class='ocrx_word' id='word_1_84' title='bbox 1133 1482 1306 1524; x_wconf 78' lang='lat' dir='ltr'>sensu</span> <span class='ocrx_word' id='word_1_85' title='bbox 1347 1466 1652 1524; x_wconf 86' lang='lat' dir='ltr'>verborum</span> <span class='ocrx_word' id='word_1_86' title='bbox 1679 1467 1849 1525; x_wconf 87' lang='lat' dir='ltr'>diser-</span> 
     </span>
     <span class='ocr_line' id='line_1_13' title="bbox 236 1564 1848 1639; baseline -0.001 -16"><span class='ocrx_word' id='word_1_87' title='bbox 236 1565 495 1623; x_wconf 86' lang='lat' dir='ltr'>tissimae</span> <span class='ocrx_word' id='word_1_88' title='bbox 519 1564 608 1639; x_wconf 88' lang='lat'>(3)</span> <span class='ocrx_word' id='word_1_89' title='bbox 636 1565 884 1638; x_wconf 83' lang='lat' dir='ltr'>linguae.</span> <span class='ocrx_word' id='word_1_90' title='bbox 914 1564 1169 1623; x_wconf 86' lang='lat' dir='ltr'>Gratiam</span> <span class='ocrx_word' id='word_1_91' title='bbox 1201 1564 1390 1622; x_wconf 83' lang='lat' dir='ltr'>autem</span> <span class='ocrx_word' id='word_1_92' title='bbox 1419 1564 1697 1623; x_wconf 87' lang='lat' dir='ltr'>labiorum</span> <span class='ocrx_word' id='word_1_93' title='bbox 1725 1565 1848 1622; x_wconf 90' lang='lat' dir='ltr'>Ma-</span> 
     </span>
     <span class='ocr_line' id='line_1_14' title="bbox 236 1662 1847 1732; baseline -0.001 -10"><span class='ocrx_word' id='word_1_94' title='bbox 236 1665 359 1722; x_wconf 89' lang='lat' dir='ltr'>riae</span> <span class='ocrx_word' id='word_1_95' title='bbox 388 1662 700 1721; x_wconf 83' lang='lat' dir='ltr'>videbimus</span> <span class='ocrx_word' id='word_1_96' title='bbox 728 1663 1032 1732; x_wconf 83' lang='lat' dir='ltr'>evidenter,</span> <span class='ocrx_word' id='word_1_97' title='bbox 1057 1664 1104 1720; x_wconf 91' lang='lat' dir='ltr'>si</span> <span class='ocrx_word' id='word_1_98' title='bbox 1128 1662 1300 1721; x_wconf 83' lang='lat' dir='ltr'>verba</span> <span class='ocrx_word' id='word_1_99' title='bbox 1326 1663 1604 1721; x_wconf 89' lang='lat' dir='ltr'>labiorum</span> <span class='ocrx_word' id='word_1_100' title='bbox 1634 1663 1753 1721; x_wconf 88' lang='lat' dir='ltr'>eius</span> <span class='ocrx_word' id='word_1_101' title='bbox 1781 1680 1847 1721; x_wconf 87' lang='lat' dir='ltr'>ex</span> 
     </span>
     <span class='ocr_line' id='line_1_15' title="bbox 235 1763 1846 1837; baseline -0.001 -16"><span class='ocrx_word' id='word_1_102' title='bbox 235 1763 554 1836; x_wconf 83' lang='lat' dir='ltr'>Evangelio</span> <span class='ocrx_word' id='word_1_103' title='bbox 595 1763 913 1837; x_wconf 88' lang='lat' dir='ltr'>colligimus</span> <span class='ocrx_word' id='word_1_104' title='bbox 943 1763 1262 1837; x_wconf 77' lang='lat' dir='ltr'>diligenter.</span> <span class='ocrx_word' id='word_1_105' title='bbox 1297 1764 1628 1821; x_wconf 84' lang='lat' dir='ltr'>Invenimus</span> <span class='ocrx_word' id='word_1_106' title='bbox 1654 1764 1846 1821; x_wconf 89' lang='lat' dir='ltr'>autem</span> 
     </span>
     <span class='ocr_line' id='line_1_16' title="bbox 235 1860 1846 1936; baseline 0 -17"><span class='ocrx_word' id='word_1_107' title='bbox 235 1861 458 1934; x_wconf 80' lang='lat' dir='ltr'>septem</span> <span class='ocrx_word' id='word_1_108' title='bbox 500 1862 558 1918; x_wconf 91' lang='lat' dir='ltr'>in</span> <span class='ocrx_word' id='word_1_109' title='bbox 602 1861 915 1935; x_wconf 84' lang='lat' dir='ltr'>Evangelio</span> <span class='ocrx_word' id='word_1_110' title='bbox 957 1861 1258 1919; x_wconf 83' lang='lat' dir='ltr'>mellifluas</span> <span class='ocrx_word' id='word_1_111' title='bbox 1301 1860 1614 1919; x_wconf 85' lang='lat' dir='ltr'>sententias</span> <span class='ocrx_word' id='word_1_112' title='bbox 1646 1861 1735 1936; x_wconf 87' lang='lat'>(4)</span> <span class='ocrx_word' id='word_1_113' title='bbox 1779 1861 1846 1919; x_wconf 88' lang='lat' dir='ltr'>de</span> 
     </span>
     <span class='ocr_line' id='line_1_17' title="bbox 233 1959 1844 2018; baseline 0 0"><span class='ocrx_word' id='word_1_114' title='bbox 233 1959 529 2018; x_wconf 91' lang='lat' dir='ltr'>mellifluis</span> <span class='ocrx_word' id='word_1_115' title='bbox 569 1960 783 2018; x_wconf 85' lang='lat' dir='ltr'>Mariae</span> <span class='ocrx_word' id='word_1_116' title='bbox 824 1960 992 2017; x_wconf 86' lang='lat' dir='ltr'>labiis</span> <span class='ocrx_word' id='word_1_117' title='bbox 1025 1959 1374 2018; x_wconf 77' lang='lat' dir='ltr'>distillantes</span> <span class='ocrx_word' id='word_1_118' title='bbox 1417 1959 1477 2018; x_wconf 89' lang='lat' dir='ltr'>et</span> <span class='ocrx_word' id='word_1_119' title='bbox 1517 1959 1844 2018; x_wconf 89' lang='lat' dir='ltr'>mellifluam</span> 
     </span>
     <span class='ocr_line' id='line_1_18' title="bbox 232 2056 1845 2132; baseline -0.001 -15"><span class='ocrx_word' id='word_1_120' title='bbox 232 2059 518 2117; x_wconf 87' lang='lat' dir='ltr'>labiorum</span> <span class='ocrx_word' id='word_1_121' title='bbox 548 2059 668 2116; x_wconf 88' lang='lat' dir='ltr'>eius</span> <span class='ocrx_word' id='word_1_122' title='bbox 706 2059 953 2132; x_wconf 88' lang='lat' dir='ltr'>gratiam</span> <span class='ocrx_word' id='word_1_123' title='bbox 985 2058 1196 2132; x_wconf 89' lang='lat' dir='ltr'>optime</span> <span class='ocrx_word' id='word_1_124' title='bbox 1232 2056 1563 2127; x_wconf 76' lang='lat' dir='ltr'>indicanteS,</span> <span class='ocrx_word' id='word_1_125' title='bbox 1595 2058 1753 2117; x_wconf 84' lang='lat' dir='ltr'>iuxta</span> <span class='ocrx_word' id='word_1_126' title='bbox 1784 2060 1845 2116; x_wconf 91' lang='lat' dir='ltr'>il·</span> 
     </span>
     <span class='ocr_line' id='line_1_19' title="bbox 231 2157 1846 2234; baseline -0.001 -18"><span class='ocrx_word' id='word_1_127' title='bbox 231 2158 337 2216; x_wconf 85' lang='lat' dir='ltr'>lud</span> <span class='ocrx_word' id='word_1_128' title='bbox 369 2157 728 2216; x_wconf 85' lang='lat' dir='ltr'>Canticorum</span> <span class='ocrx_word' id='word_1_129' title='bbox 752 2158 956 2231; x_wconf 89' lang='lat' dir='ltr'>quarto</span> <span class='ocrx_word' id='word_1_130' title='bbox 980 2159 1101 2234; x_wconf 86' lang='lat'>(5):</span> <span class='ocrx_word' id='word_1_131' title='bbox 1135 2159 1339 2216; x_wconf 85' lang='lat' dir='ltr'><em>Favus</em></span> <span class='ocrx_word' id='word_1_132' title='bbox 1360 2157 1659 2217; x_wconf 81' lang='lat' dir='ltr'>distillans</span> <span class='ocrx_word' id='word_1_133' title='bbox 1684 2157 1846 2216; x_wconf 85' lang='lat' dir='ltr'>labia</span> 
     </span>
     <span class='ocr_line' id='line_1_20' title="bbox 235 2245 1844 2330; baseline -0.001 -13"><span class='ocrx_word' id='word_1_134' title='bbox 235 2261 364 2330; x_wconf 79' lang='lat' dir='ltr'>tua,</span> <span class='ocrx_word' id='word_1_135' title='bbox 408 2273 641 2328; x_wconf 76' lang='lat' dir='ltr'>sponsa.</span> <span class='ocrx_word' id='word_1_136' title='bbox 686 2245 911 2330; x_wconf 82' lang='lat' dir='ltr'>Septem</span> <span class='ocrx_word' id='word_1_137' title='bbox 951 2257 1139 2315; x_wconf 87' lang='lat' dir='ltr'>mellis</span> <span class='ocrx_word' id='word_1_138' title='bbox 1190 2256 1380 2315; x_wconf 86' lang='lat' dir='ltr'>stillae</span> <span class='ocrx_word' id='word_1_139' title='bbox 1436 2255 1573 2313; x_wconf 90' lang='lat' dir='ltr'>sunt</span> <span class='ocrx_word' id='word_1_140' title='bbox 1629 2256 1844 2329; x_wconf 86' lang='lat' dir='ltr'>septem</span> 
     </span>
    </p>
   </div>
   <div class='ocr_carea' id='block_1_3' title="bbox 230 2401 505 2411">
    <p class='ocr_par' dir='ltr' id='par_1_3' title="bbox 230 2401 505 2411">
     <span class='ocr_line' id='line_1_21' title="bbox 230 2401 505 2411; baseline 0 1070"><span class='ocrx_word' id='word_1_141' title='bbox 230 2401 505 2411; x_wconf 95' lang='lat' dir='ltr'> </span> 
     </span>
    </p>
   </div>
   <div class='ocr_carea' id='block_1_4' title="bbox 364 2480 1842 2620">
    <p class='ocr_par' dir='ltr' id='par_1_4' title="bbox 364 2480 1842 2620">
     <span class='ocr_line' id='line_1_22' title="bbox 367 2480 827 2540; baseline 0 -14"><span class='ocrx_word' id='word_1_142' title='bbox 367 2481 414 2540; x_wconf 92' lang='lat'>1)</span> <span class='ocrx_word' id='word_1_143' title='bbox 452 2480 626 2526; x_wconf 83' lang='lat' dir='ltr'>Psalm.</span> <span class='ocrx_word' id='word_1_144' title='bbox 663 2480 742 2538; x_wconf 86' lang='lat'>44,</span> <span class='ocrx_word' id='word_1_145' title='bbox 781 2480 827 2526; x_wconf 84' lang='lat'>3.</span> 
     </span>
     <span class='ocr_line' id='line_1_23' title="bbox 364 2560 1842 2620; baseline -0.001 -13"><span class='ocrx_word' id='word_1_146' title='bbox 364 2561 416 2620; x_wconf 82' lang='lat'>2)</span> <span class='ocrx_word' id='word_1_147' title='bbox 453 2561 589 2607; x_wconf 82' lang='lat' dir='ltr'>Vers.</span> <span class='ocrx_word' id='word_1_148' title='bbox 628 2560 703 2607; x_wconf 87' lang='grc'>19.</span> <span class='ocrx_word' id='word_1_149' title='bbox 1288 2561 1336 2619; x_wconf 84' lang='grc'>3)</span> <span class='ocrx_word' id='word_1_150' title='bbox 1372 2561 1410 2606; x_wconf 89' lang='grc' dir='ltr'><strong>Β</strong></span> <span class='ocrx_word' id='word_1_151' title='bbox 1443 2560 1842 2606; x_wconf 68' lang='lat' dir='ltr'>discretissimae.</span> 
     </span>
    </p>
   </div>
   <div class='ocr_carea' id='block_1_5' title="bbox 226 2639 1844 3027">
    <p class='ocr_par' dir='ltr' id='par_1_5' title="bbox 226 2639 1844 2934">
     <span class='ocr_line' id='line_1_24' title="bbox 360 2639 1843 2701; baseline 0.001 -14"><span class='ocrx_word' id='word_1_152' title='bbox 360 2641 413 2701; x_wconf 83' lang='lat'>4)</span> <span class='ocrx_word' id='word_1_153' title='bbox 450 2640 549 2688; x_wconf 81' lang='lat' dir='ltr'>Cfr.</span> <span class='ocrx_word' id='word_1_154' title='bbox 585 2641 868 2688; x_wconf 84' lang='lat' dir='ltr'>Bernardin.</span> <span class='ocrx_word' id='word_1_155' title='bbox 908 2641 1038 2701; x_wconf 90' lang='lat' dir='ltr'>Sen.‚</span> <span class='ocrx_word' id='word_1_156' title='bbox 1082 2655 1222 2688; x_wconf 86' lang='lat' dir='ltr'>serm.</span> <span class='ocrx_word' id='word_1_157' title='bbox 1268 2643 1316 2689; x_wconf 88' lang='grc'>9.</span> <span class='ocrx_word' id='word_1_158' title='bbox 1363 2642 1419 2689; x_wconf 90' lang='lat' dir='ltr'>de</span> <span class='ocrx_word' id='word_1_159' title='bbox 1460 2640 1659 2688; x_wconf 72' lang='lat' dir='ltr'>visitat.</span> <span class='ocrx_word' id='word_1_160' title='bbox 1707 2639 1843 2700; x_wconf 83' lang='lat' dir='ltr'>(edit.</span> 
     </span>
     <span class='ocr_line' id='line_1_25' title="bbox 229 2721 1844 2782; baseline -0.001 -13"><span class='ocrx_word' id='word_1_161' title='bbox 229 2724 408 2771; x_wconf 77' lang='lat' dir='ltr'>venet.</span> <span class='ocrx_word' id='word_1_162' title='bbox 445 2736 527 2769; x_wconf 82' lang='lat' dir='ltr'>an.</span> <span class='ocrx_word' id='word_1_163' title='bbox 567 2721 686 2769; x_wconf 84' lang='lat'>1745</span> <span class='ocrx_word' id='word_1_164' title='bbox 720 2724 834 2770; x_wconf 88' lang='lat' dir='ltr'>tom.</span> <span class='ocrx_word' id='word_1_165' title='bbox 869 2723 949 2770; x_wconf 82' lang='lat' dir='ltr'>lv,</span> <span class='ocrx_word' id='word_1_166' title='bbox 984 2737 1095 2782; x_wconf 82' lang='lat' dir='ltr'>pag.</span> <span class='ocrx_word' id='word_1_167' title='bbox 1137 2723 1223 2769; x_wconf 87' lang='lat'>105</span> <span class='ocrx_word' id='word_1_168' title='bbox 1258 2724 1347 2770; x_wconf 91' lang='lat' dir='ltr'>col.</span> <span class='ocrx_word' id='word_1_169' title='bbox 1383 2723 1487 2782; x_wconf 91' lang='grc' dir='ltr'><strong>ῙῙ.).</strong></span> <span class='ocrx_word' id='word_1_170' title='bbox 1533 2722 1708 2779; x_wconf 82' lang='lat' dir='ltr'>Quater</span> <span class='ocrx_word' id='word_1_171' title='bbox 1746 2722 1844 2767; x_wconf 83' lang='lat' dir='ltr'>Ma·</span> 
     </span>
     <span class='ocr_line' id='line_1_26' title="bbox 226 2801 1840 2863; baseline -0.001 -11"><span class='ocrx_word' id='word_1_172' title='bbox 226 2804 355 2852; x_wconf 84' lang='lat' dir='ltr'>riam</span> <span class='ocrx_word' id='word_1_173' title='bbox 389 2804 596 2850; x_wconf 82' lang='lat' dir='ltr'>locutam</span> <span class='ocrx_word' id='word_1_174' title='bbox 637 2803 784 2851; x_wconf 85' lang='lat' dir='ltr'>fuisse</span> <span class='ocrx_word' id='word_1_175' title='bbox 825 2804 961 2851; x_wconf 88' lang='lat' dir='ltr'>docet</span> <span class='ocrx_word' id='word_1_176' title='bbox 1001 2804 1253 2863; x_wconf 73' lang='lat' dir='ltr'>Rerum-(L,</span> <span class='ocrx_word' id='word_1_177' title='bbox 1299 2817 1438 2851; x_wconf 87' lang='lat' dir='ltr'>serm.</span> <span class='ocrx_word' id='word_1_178' title='bbox 1484 2802 1534 2850; x_wconf 90' lang='lat' dir='ltr'>in</span> <span class='ocrx_word' id='word_1_179' title='bbox 1576 2803 1707 2849; x_wconf 88' lang='lat' dir='ltr'>Dom.</span> <span class='ocrx_word' id='word_1_180' title='bbox 1753 2801 1840 2850; x_wconf 86' lang='lat' dir='ltr'>inf.</span> 
     </span>
     <span class='ocr_line' id='line_1_27' title="bbox 228 2884 1083 2934; baseline -0.005 0"><span class='ocrx_word' id='word_1_181' title='bbox 228 2887 341 2934; x_wconf 88' lang='lat' dir='ltr'>Oct.</span> <span class='ocrx_word' id='word_1_182' title='bbox 378 2884 594 2932; x_wconf 81' lang='lat' dir='ltr'>Assumt.</span> <span class='ocrx_word' id='word_1_183' title='bbox 629 2884 685 2931; x_wconf 88' lang='lat' dir='ltr'>B.</span> <span class='ocrx_word' id='word_1_184' title='bbox 723 2885 788 2932; x_wconf 78' lang='lat' dir='ltr'>M.</span> <span class='ocrx_word' id='word_1_185' title='bbox 826 2885 883 2932; x_wconf 82' lang='lat' dir='ltr'>V.</span> <span class='ocrx_word' id='word_1_186' title='bbox 920 2899 968 2931; x_wconf 92' lang='lat' dir='ltr'>n.</span> <span class='ocrx_word' id='word_1_187' title='bbox 1009 2884 1083 2931; x_wconf 89' lang='grc'>10.</span> 
     </span>
    </p>

    <p class='ocr_par' dir='ltr' id='par_1_6' title="bbox 358 2965 702 3027">
     <span class='ocr_line' id='line_1_28' title="bbox 358 2965 702 3027; baseline 0 -15"><span class='ocrx_word' id='word_1_188' title='bbox 358 2966 412 3027; x_wconf 82' lang='lat'>5)</span> <span class='ocrx_word' id='word_1_189' title='bbox 448 2965 584 3013; x_wconf 72' lang='lat' dir='ltr'>Ver-s·</span> <span class='ocrx_word' id='word_1_190' title='bbox 627 2965 702 3012; x_wconf 94' lang='lat'>11.</span> 
     </span>
    </p>
   </div>
  </div>
 </body>
</html>
