2237 3481
392 232 509 290 238
899 248 1190 290 SPECULUM
1232 249 1283 292 B.
1327 249 1390 289 M.
1433 249 1487 290 v.

391 441 537 512 quod
582 440 854 512 scriptum
898 440 986 497 est
1013 438 1135 513 (1):
1181 439 1238 497 A
1282 438 1484 508 fructu
1522 437 1827 511 frumenti,
1874 440 2002 496 vini

390 541 449 596 et
487 538 602 596 olei
654 540 749 598 sui
800 530 1182 610 multiplicati
1222 541 1377 610 sunt,
1415 537 1482 595 ut
1520 536 1885 607 frumentum
1927 538 2002 595 ad

391 654 595 709 corpus
639 636 870 705 Christi,
913 636 1102 694 oleum
1144 637 1213 694 ad
1243 637 1489 694 animam
1533 635 1765 703 Christi,
1794 637 2003 693 vinum

390 736 462 794 ad
506 735 860 793 divinitatem
904 734 1115 793 Christi
1160 721 1487 793 referamus.⁴
1538 734 1811 793 Fructum
1871 752 2006 807 quo·

392 850 498 907 que
541 833 808 892 frumenti
849 833 920 890 ad
977 832 1393 890 sacramentum
1456 833 1707 904 corporis
1764 832 2003 900 Christi,

394 931 638 989 fructum
695 931 884 989 autem
941 931 1058 988 vini
1114 931 1187 988 ad
1229 931 1645 989 sacramentum
1701 932 2003 1004 sanguinis

393 1029 625 1096 Christi,
668 1028 914 1088 fructum
955 1045 1174 1102 quoque
1216 1030 1322 1087 olei
1364 1028 1435 1086 ad
1478 1030 1831 1102 unguentum
1893 1031 2005 1100 spi·

397 1128 542 1186 ritus
573 1115 784 1186 Christi
816 1127 1022 1186 referre
1054 1144 1372 1199 possumus.
1400 1126 1488 1184 Ab
1515 1127 1620 1184 hoc
1649 1143 1783 1200 ergo
1812 1127 2003 1185 fructu

397 1226 780 1299 multiplicati
817 1229 956 1284 sunt
997 1226 1099 1283 filii
1130 1228 1188 1283 in
1230 1226 1498 1294 Ecclesia,
1530 1227 1588 1283 et
1616 1226 2005 1297 multiplicata

401 1325 490 1382 est
531 1324 781 1383 Ecclesia
822 1325 878 1381 in
932 1324 1084 1381 filiis.
1150 1324 1298 1381 Nam
1362 1340 1555 1382 omnes
1616 1323 1717 1381 filii
1782 1325 2007 1381 ventris

397 1423 678 1481 Ecclesiae
720 1422 855 1503 sunt
896 1421 1199 1489 hereditas,
1243 1439 1452 1480 merces
1505 1421 1725 1481 fructus
1782 1423 2006 1480 ventris

398 1522 628 1589 Mariae,
673 1521 818 1578 sicut
859 1522 917 1578 in
959 1520 1188 1578 Psalmo
1220 1520 1308 1593 (2)
1352 1520 1588 1578 dicitur:
1635 1520 1799 1589 Ecce,
1848 1521 2009 1577 here-

396 1620 554 1678 ditas
596 1619 865 1690 Domini,
906 1618 1040 1691 filii,
1081 1635 1313 1691 merceS,
1354 1617 1585 1688 fructus
1639 1619 1879 1676 ventris.
1926 1619 2005 1675 De

393 1718 499 1777 hoc
542 1734 759 1791 quoque
814 1716 1014 1776 beatus
1071 1718 1449 1791 Hieronymus
1480 1716 1568 1792 (3)
1626 1717 1738 1775 ait:
1816 1739 1845 1768 α
1872 1717 2007 1789 Ipse

400 1817 673 1875 Dominus
715 1816 886 1873 natus
928 1834 992 1874 ex
1036 1816 1269 1888 Virgine
1298 1815 1483 1873 factus
1513 1815 1601 1872 ost
1628 1815 1851 1873 fructus
1879 1833 2008 1873 veu-

400 1915 525 1982 tris,
567 1916 725 1972 cuius
753 1914 1049 1986 assumpta
1090 1914 1419 1971 humanitas
1447 1913 1593 1971 hanc
1617 1913 1837 1985 accepit
1868 1932 2009 1971 mer-

396 2014 601 2080 cedem,
645 2012 711 2070 ut
749 2012 948 2086 gentes
989 2012 1219 2071 vocatae
1260 2014 1318 2069 in
1363 2012 1496 2069 filiis
1546 2013 1664 2069 sint
1719 2011 2006 2070 hereditas

398 2113 518 2169 eius
545 2134 602 2166 ».
645 2143 724 2151 -
764 2110 931 2178 Item,
987 2111 1281 2178 carissimi,
1346 2108 1565 2167 fructus
1627 2109 1737 2166 iste
1787 2109 2009 2167 benedi·

397 2210 522 2267 ctus
565 2224 673 2266 non
719 2208 898 2266 solum
941 2207 1156 2265 virtute
1200 2207 1482 2265 salvativa
1523 2207 1834 2275 virtuosuS,
1894 2224 2004 2266 non

400 2308 581 2367 solum
624 2306 839 2364 virtute
869 2307 1309 2379 multiplicativa
1337 2306 1661 2374 virtuosior,
1704 2306 1801 2363 sed
1832 2307 2001 2363 etiam

397 2408 614 2465 virtute
656 2407 1049 2464 conservativa
1092 2405 1541 2463 virtuosissimus
1582 2406 1702 2474 est3
1749 2405 1897 2463 unde
1942 2406 2009 2462 de

401 2506 504 2564 hoc
547 2504 733 2562 fructu
778 2521 1076 2576 possumus
1103 2505 1352 2576 accipere
1394 2503 1535 2561 illud
1566 2503 2002 2563 Proverbiorum

533 2754 575 2812 1)
613 2753 785 2799 Psalm.
821 2752 870 2810 4,
906 2752 952 2799 8.

521 2834 570 2891 2)
607 2834 779 2879 Psalm.
821 2833 927 2891 126,
964 2834 1011 2880 3.

523 2920 567 2964 :23
610 2913 827 2960 Breviar.
863 2913 912 2959 iu
946 2914 1121 2961 Psalm.
1162 2913 1308 2972 (inter
1341 2928 1481 2973 opera
1515 2913 1756 2972 Hieron.),
1792 2914 1871 2961 Ps.
1901 2914 2011 2961 126.
