2237 3481
789 267 990 312 nnc‘mo
1029 266 1169 312 xvn.
1660 250 1776 312 247

185 465 302 522 tere
343 458 630 522 deorsmn.
691 461 872 520 Radix
930 460 1121 521 autem
1177 462 1438 522 deorsum
1501 461 1778 521 mittenda

181 560 478 620 humilitas
518 561 625 633 est,
668 578 811 635 quae
851 561 923 620 ad
964 561 1189 620 modum
1227 561 1431 620 radicis
1459 577 1680 635 semper
1705 561 1779 619 ad

181 662 297 718 ima
338 661 576 720 tendens
614 660 722 720 est.
764 661 949 719 Huius
989 660 1312 719 benedictae
1364 660 1571 719 radicis
1610 659 1780 720 arbor

181 759 397 832 quanto
457 759 630 818 fuerit
691 760 991 833 procerior,
1034 758 1201 818 tanto
1250 759 1410 818 radix
1448 760 1576 833 ipsa
1614 757 1781 817 debet

181 874 305 916 esse
325 857 672 931 profundior,
701 858 859 917 iuxta
884 858 1027 916 illud
1053 857 1435 918 Ecclesiastici
1461 857 1632 918 tertio
1653 855 1743 933 (1)
1763 878 1777 915 :

188 955 423 1032 Quanto
484 974 736 1032 magnus
795 973 873 1031 es,
917 956 1170 1016 humilia
1211 959 1262 1015 te
1313 958 1380 1016 in
1419 957 1689 1016 omnibus
1725 958 1782 1013 et
1815 981 1818 983 .

181 1070 384 1113 corwm
437 1055 562 1114 Deo
616 1056 872 1115 invenies
937 1056 1220 1129 qratiam.
1282 1055 1550 1128 Alioquin
1610 1053 1780 1113 arbor

184 1152 400 1225 quanto
441 1155 620 1213 maior
659 1153 829 1225 esset,
870 1152 1034 1214 tanto
1075 1153 1244 1212 citius
1270 1152 1440 1214 vento
1466 1152 1778 1212 inflationis

182 1250 629 1323 subverteretur,
673 1254 723 1311 si
762 1268 878 1312 non
918 1269 1128 1327 magna
1169 1252 1227 1311 et
1280 1252 1561 1326 profunda
1601 1251 1780 1310 humi·
1824 1272 1836 1293 1

183 1349 372 1410 litatis
412 1351 598 1410 radice
651 1351 997 1410 firmaretur.
1052 1351 1361 1410 Pensemus
1404 1366 1557 1425 erge,
1600 1367 1781 1425 quan-

181 1448 307 1507 tum
348 1450 509 1508 radix
548 1451 705 1509 illius
759 1452 954 1524 virgae
1015 1450 1360 1523 profundata
1399 1448 1592 1521 fuerit,
1633 1465 1776 1522 quae

183 1548 266 1606 sic
305 1549 365 1606 in
426 1548 684 1607 sublime
726 1548 989 1617 excrevit,
1044 1548 1193 1621 quod
1253 1546 1500 1607 fructum
1561 1548 1780 1621 angelis

178 1646 442 1705 altiorem
492 1647 638 1706 ferre
687 1647 910 1717 meruit,
968 1646 1218 1706 fructum
1273 1646 1487 1721 utique,
1547 1646 1614 1705 de
1668 1661 1779 1718 quo

183 1744 389 1804 beatus
427 1745 763 1805 Ambrosius
786 1745 876 1823 (2)
917 1746 1030 1805 ait:
1071 1769 1102 1799 α
1121 1746 1257 1819 Ipse
1299 1745 1520 1805 fructus
1560 1745 1780 1804 ventris

182 1843 273 1903 est
314 1843 420 1904 flos
459 1844 683 1914 radicis,
725 1845 792 1904 de
833 1861 943 1919 quo
970 1845 1157 1904 Isaias
1181 1844 1303 1921 (3):
1332 1845 1529 1917 Exiet,
1571 1844 1777 1917 inquit,

178 1942 356 2017 virga
416 1941 485 2001 de
543 1942 739 2002 radice
793 1934 968 2017 Iesse,
1013 1947 1069 2003 et
1123 1944 1232 2015 flos
1271 1943 1339 2001 de
1398 1941 1595 2002 radice
1653 1942 1779 2001 eius

179 2040 506 2099 ascendet»
520 2085 534 2099 .
590 2041 979 2116 Quaecumque
1037 2044 1229 2101 anima
1288 2042 1437 2101 hanc
1495 2040 1781 2100 humilita-

181 2139 260 2198 tis
301 2139 545 2198 radicem
586 2140 846 2200 deorsum
887 2141 1124 2211 miserit,
1165 2143 1292 2216 ipsa
1331 2140 1482 2199 hunc
1530 2139 1777 2199 fructum

179 2254 411 2296 sursum
463 2237 713 2310 habebit,
756 2255 1001 2314 sursum,
1042 2241 1294 2313 inquam,
1335 2241 1395 2298 in
1445 2238 1564 2299 alto
1616 2237 1779 2297 intel·
1899 2249 1902 2250 ’

176 2335 349 2407 lectu,
392 2352 615 2395 sursum
658 2338 716 2396 in
759 2338 879 2396 alto
919 2337 1143 2409 affectu,
1172 2355 1398 2397 sursum
1439 2339 1497 2396 in
1538 2336 1780 2397 contem-

180 2433 451 2507 platione,
495 2451 722 2494 sursum
784 2437 844 2494 in
898 2435 1212 2495 dilectione.
1253 2437 1343 2495 Sic
1381 2453 1517 2510 ergo
1558 2435 1779 2495 fructus

176 2532 289 2593 iste
328 2531 628 2592 humilium
670 2533 791 2606 est;
846 2534 905 2593 et
961 2534 1084 2594 ideo
1134 2535 1319 2593 Maria
1374 2551 1543 2608 super
1586 2550 1777 2594 omnes

179 2633 436 2693 homines
485 2632 596 2692 fuit
641 2634 746 2694 hoc
793 2633 984 2693 fructu
1024 2633 1377 2707 dignissima,
1419 2635 1552 2707 quia
1607 2650 1779 2708 super

311 2864 356 2925 1)
392 2865 527 2913 Vers.
561 2864 641 2911 20.

304 2945 356 3005 2)
391 2944 452 2992 11.
485 2945 536 2992 in
568 2946 682 2993 Luc.
717 2959 765 2993 n.
798 2945 877 2994 24.
1383 2944 1432 3005 8)
1465 2944 1577 3006 Cap.
1618 2945 1693 3004 11,
1730 2946 1775 2994 1.
