2237 3481
413 233 529 290 264
920 252 1211 295 specuum
1252 255 1304 295 Β.
1347 254 1409 297 Μ.
1455 255 1507 296 v.

410 445 638 503 orantes
667 461 790 503 cum
822 444 1090 503 Anselmo
1114 443 1223 520 (1),
1247 447 1342 519 qui
1372 463 1559 516 oranS,
1590 447 1702 504 ait:
1743 470 1770 498 «
1792 446 2012 505 Exaudi

410 560 516 612 me,
576 543 818 612 domina,
862 561 1002 602 sana
1057 546 1304 602 animam
1363 546 1672 618 peccatoris
1721 547 1868 604 servi
1927 547 2014 603 tui

410 657 512 713 per
571 642 839 700 virtutem
896 642 1171 700 benedicti
1211 641 1433 702 fructus
1481 643 1699 701 ventris
1753 644 1856 711 tui,
1915 645 2014 717 qui

410 739 567 798 sedet
605 741 664 797 in
707 740 938 798 dextera
980 741 1385 814 omnipotentis
1427 741 1621 800 Patris
1660 743 1746 800 sui
1777 765 1833 800 x».

569 837 803 913 Quarto,
845 839 1140 907 carissimi,
1183 838 1403 897 fructus
1443 840 1658 898 Mariae
1684 840 2014 898 benedictus

407 938 757 995 necessarius
797 937 885 995 est
925 937 998 995 ad
1039 937 1448 995 relevationem
1503 938 1733 996 inediae
1773 939 1892 996 sive
1936 937 2015 995 fa-

407 1037 515 1094 mis
556 1036 847 1109 mentalis,
909 1053 979 1094 ne
1043 1036 1277 1109 propter
1338 1036 1613 1095 defectum
1675 1036 2014 1095 nutrimenti

406 1134 671 1192 deficiant
709 1135 977 1192 animalia
1020 1135 1154 1204 Dei3
1199 1135 1432 1208 propter
1474 1135 1620 1208 quod
1663 1135 1800 1193 bene
1838 1134 2014 1194 Ioelis

376 1254 377 1257 ¹
408 1231 648 1291 secundo
679 1231 768 1307 (2)
812 1232 1046 1290 dicitur:
1090 1233 1299 1291 Nolite
1341 1234 1565 1306 timere,
1605 1232 1898 1291 animalia
1933 1249 2014 1290 re·

402 1331 619 1404 qiam-3,
662 1331 804 1403 quia
840 1332 1316 1404 yerminaverunt
1362 1332 1624 1405 speciosa
1679 1332 1912 1405 deserti,
1962 1335 2017 1388 et

407 1429 635 1502 liynum
696 1429 900 1487 attulit
941 1427 1201 1499 fructum
1239 1446 1430 1488 suum.
1482 1430 1808 1503 Desertum,
1865 1430 2013 1503 quod

407 1529 527 1585 sine
568 1527 794 1585 cultura
834 1528 1118 1602 germinat
1161 1529 1218 1585 et
1259 1527 1477 1600 profert
1518 1528 1747 1601 pastum
1793 1530 2014 1587 anima-

404 1628 562 1694 lium,
606 1628 831 1700 signare
874 1627 1063 1699 potest
1102 1628 1363 1696 Mariam,
1403 1643 1552 1700 quae
1608 1627 1727 1685 sine
1784 1628 2011 1685 cultura

405 1724 655 1785 maritali
699 1726 941 1804 protulit
981 1727 1207 1795 Filium,
1250 1728 1345 1800 qui
1390 1725 1479 1785 est
1521 1726 1723 1799 pastus
1761 1728 2009 1786 omnium

404 1825 673 1883 fidelium.
715 1826 958 1898 Ideoque
999 1826 1137 1883 bene
1179 1825 1245 1883 de
1296 1827 1423 1898 ipsa
1477 1825 1585 1883 dici
1638 1824 1831 1897 potest
1871 1825 2012 1883 illud

404 1924 711 1982 Ezechielis
754 1925 1044 1998 trigesimo
1073 1924 1230 1983 sexto
1262 1924 1383 1999 (3):
1419 1924 1604 1982 Terra
1644 1922 1759 1981 illa
1785 1923 2012 1982 inculta

402 2021 563 2092 facta
601 2026 685 2081 est
736 2026 805 2081 ut
859 2022 1066 2081 hortus
1120 2022 1459 2095 voluptatis,
1513 2021 1787 2093 Speciosa
1844 2023 2011 2081 huius

404 2121 581 2179 felicis
623 2120 832 2179 deserti
861 2121 997 2179 sunt
1026 2123 1276 2194 speciosa
1315 2122 1572 2195 germina
1608 2120 2011 2179 desideriorum

404 2221 749 2288 caelestium,
779 2222 1060 2292 speciosae
1085 2219 1291 2278 herbae
1313 2236 1544 2292 operum
1568 2219 1861 2288 bonorum,
1892 2236 2012 2292 spe·

403 2320 535 2376 ciosi
580 2319 747 2377 flores
788 2318 1068 2376 virtutum
1110 2318 1169 2376 et
1229 2319 1519 2386 donorum,
1564 2319 1817 2389 speciosa
1878 2317 2013 2376 folia

402 2419 629 2475 utilium
672 2417 969 2475 verborum
1012 2417 1070 2474 et
1110 2417 1261 2474 certe
1303 2417 1587 2489 speciosus
1620 2415 1842 2474 fructus
1884 2432 2012 2473 ven·

403 2516 511 2574 tris
553 2517 658 2585 sui,
700 2518 796 2588 qui
837 2516 925 2574 est
966 2516 1168 2588 pastus
1210 2516 1455 2573 omnium
1499 2514 1798 2573 iustorum.
1828 2514 2012 2572 Maria

403 2630 537 2688 ergo
578 2615 667 2673 est
706 2614 990 2673 desertum
1033 2614 1138 2672 hoc
1180 2615 1508 2686 speciosum,
1554 2613 1737 2671 Maria
1793 2629 2012 2685 quoque

533 2849 577 2909 1)
614 2848 746 2894 Orat.
782 2848 860 2893 50.
899 2846 1043 2907 (alias
1075 2847 1177 2902 49.)
1215 2846 1263 2893 iu
1298 2848 1405 2893 fine.

306 2961 355 2974 A„
396 2973 397 2976 ,
528 2930 579 2989 2)
616 2929 749 2974 Vere.
785 2929 863 2974 22.
1667 2926 1715 2986 3)
1752 2925 1892 2975 Vers.
1930 2926 2006 2973 35.
