<?xml version="1.0" encoding="UTF-8"?>
<!DOCTYPE html PUBLIC "-//W3C//DTD XHTML 1.0 Transitional//EN"
    "http://www.w3.org/TR/xhtml1/DTD/xhtml1-transitional.dtd">
<html xmlns="http://www.w3.org/1999/xhtml" xml:lang="en" lang="en">
 <head>
  <title>
</title>
<meta http-equiv="Content-Type" content="text/html;charset=utf-8" />
  <meta name='ocr-system' content='tesseract 3.04.00' />
  <meta name='ocr-capabilities' content='ocr_page ocr_carea ocr_par ocr_line ocrx_word'/>
</head>
<body>
  <div class='ocr_page' id='page_1' title='image "./speculumbeataem00brungoog_0264.png"; bbox 0 0 2237 3481; ppageno 0'>
   <div class='ocr_carea' id='block_1_1' title="bbox 410 248 1505 306">
    <p class='ocr_par' dir='ltr' id='par_1_1' title="bbox 410 248 1505 306">
     <span class='ocr_line' id='line_1_1' title="bbox 410 248 1505 306; baseline 0 -2"><span class='ocrx_word' id='word_1_1' title='bbox 410 248 528 304; x_wconf 86' lang='lat'><strong>230</strong></span> <span class='ocrx_word' id='word_1_2' title='bbox 916 264 1208 306; x_wconf 73' lang='lat' dir='ltr'><strong>SPECULUM</strong></span> <span class='ocrx_word' id='word_1_3' title='bbox 1248 265 1299 305; x_wconf 87' lang='lat' dir='ltr'><strong>B.</strong></span> <span class='ocrx_word' id='word_1_4' title='bbox 1342 264 1405 305; x_wconf 77' lang='grc' dir='ltr'><strong>Μ.</strong></span> <span class='ocrx_word' id='word_1_5' title='bbox 1450 265 1505 306; x_wconf 83' lang='lat' dir='ltr'><strong>v.</strong></span> 
     </span>
    </p>
   </div>
   <div class='ocr_carea' id='block_1_2' title="bbox 403 437 2019 2495">
    <p class='ocr_par' dir='ltr' id='par_1_2' title="bbox 403 437 2019 2495">
     <span class='ocr_line' id='line_1_2' title="bbox 407 437 2015 528; baseline 0 -17"><span class='ocrx_word' id='word_1_6' title='bbox 407 452 606 511; x_wconf 89' lang='lat' dir='ltr'><strong>beatus</strong></span> <span class='ocrx_word' id='word_1_7' title='bbox 669 453 993 511; x_wconf 87' lang='lat' dir='ltr'><strong>Bernardus</strong></span> <span class='ocrx_word' id='word_1_8' title='bbox 1026 451 1115 528; x_wconf 89' lang='lat'><strong>(1)</strong></span> <span class='ocrx_word' id='word_1_9' title='bbox 1176 454 1287 511; x_wconf 88' lang='lat' dir='ltr'><strong>ait:</strong></span> <span class='ocrx_word' id='word_1_10' title='bbox 1356 437 1688 511; x_wconf 75' lang='lat' dir='ltr'><strong>«Nascitur</strong></span> <span class='ocrx_word' id='word_1_11' title='bbox 1747 453 2015 511; x_wconf 86' lang='lat' dir='ltr'><strong>Christus</strong></span> 
     </span>
     <span class='ocr_line' id='line_1_3' title="bbox 409 552 2015 620; baseline -0.001 -11"><span class='ocrx_word' id='word_1_12' title='bbox 409 569 473 609; x_wconf 87' lang='lat' dir='ltr'><strong>ex</strong></span> <span class='ocrx_word' id='word_1_13' title='bbox 503 552 753 620; x_wconf 88' lang='lat' dir='ltr'><strong>muliere,</strong></span> <span class='ocrx_word' id='word_1_14' title='bbox 784 552 880 610; x_wconf 88' lang='lat' dir='ltr'><strong>sed</strong></span> <span class='ocrx_word' id='word_1_15' title='bbox 909 553 994 609; x_wconf 86' lang='lat' dir='ltr'><strong>cui</strong></span> <span class='ocrx_word' id='word_1_16' title='bbox 1019 552 1383 610; x_wconf 76' lang='lat' dir='ltr'><strong>fecunditatis</strong></span> <span class='ocrx_word' id='word_1_17' title='bbox 1414 552 1633 610; x_wconf 86' lang='lat' dir='ltr'><strong>fructus</strong></span> <span class='ocrx_word' id='word_1_18' title='bbox 1663 553 1741 610; x_wconf 87' lang='lat' dir='ltr'><strong>sic</strong></span> <span class='ocrx_word' id='word_1_19' title='bbox 1764 552 2015 620; x_wconf 81' lang='lat' dir='ltr'><strong>accedat,</strong></span> 
     </span>
     <span class='ocr_line' id='line_1_4' title="bbox 405 644 2016 723; baseline 0.001 -17"><span class='ocrx_word' id='word_1_20' title='bbox 405 650 472 707; x_wconf 91' lang='lat' dir='ltr'><strong>ut</strong></span> <span class='ocrx_word' id='word_1_21' title='bbox 515 666 626 708; x_wconf 91' lang='lat' dir='ltr'><strong>non</strong></span> <span class='ocrx_word' id='word_1_22' title='bbox 677 650 897 708; x_wconf 75' lang='lat' dir='ltr'><strong>decidat</strong></span> <span class='ocrx_word' id='word_1_23' title='bbox 957 644 1061 708; x_wconf 85' lang='lat' dir='ltr'><strong>flos</strong></span> <span class='ocrx_word' id='word_1_24' title='bbox 1125 650 1476 723; x_wconf 85' lang='lat' dir='ltr'><strong>virginitatis</strong></span> <span class='ocrx_word' id='word_1_25' title='bbox 1505 674 1562 706; x_wconf 80' lang='grc'><strong>».</strong></span> <span class='ocrx_word' id='word_1_26' title='bbox 1604 650 1731 708; x_wconf 87' lang='lat' dir='ltr'><strong>Ista</strong></span> <span class='ocrx_word' id='word_1_27' title='bbox 1789 650 2016 719; x_wconf 81' lang='lat' dir='ltr'><strong>fructus</strong></span> 
     </span>
     <span class='ocr_line' id='line_1_5' title="bbox 407 748 2015 821; baseline 0 -16"><span class='ocrx_word' id='word_1_28' title='bbox 407 749 704 821; x_wconf 87' lang='lat' dir='ltr'><strong>virginalis</strong></span> <span class='ocrx_word' id='word_1_29' title='bbox 746 748 1016 806; x_wconf 85' lang='lat' dir='ltr'><strong>nobilitas</strong></span> <span class='ocrx_word' id='word_1_30' title='bbox 1059 748 1207 806; x_wconf 90' lang='lat' dir='ltr'><strong>sicut</strong></span> <span class='ocrx_word' id='word_1_31' title='bbox 1248 749 1578 817; x_wconf 90' lang='lat' dir='ltr'><strong>mirabilior,</strong></span> <span class='ocrx_word' id='word_1_32' title='bbox 1619 749 1703 806; x_wconf 90' lang='lat' dir='ltr'><strong>ita</strong></span> <span class='ocrx_word' id='word_1_33' title='bbox 1744 750 2015 807; x_wconf 86' lang='lat' dir='ltr'><strong>excellen-</strong></span> 
     </span>
     <span class='ocr_line' id='line_1_6' title="bbox 407 846 2016 918; baseline 0.002 -16"><span class='ocrx_word' id='word_1_34' title='bbox 407 847 519 904; x_wconf 88' lang='lat' dir='ltr'><strong>tior</strong></span> <span class='ocrx_word' id='word_1_35' title='bbox 561 846 650 903; x_wconf 87' lang='lat' dir='ltr'><strong>est</strong></span> <span class='ocrx_word' id='word_1_36' title='bbox 689 863 856 918; x_wconf 88' lang='lat' dir='ltr'><strong>quam</strong></span> <span class='ocrx_word' id='word_1_37' title='bbox 903 848 1103 918; x_wconf 88' lang='lat' dir='ltr'><strong>prima,</strong></span> <span class='ocrx_word' id='word_1_38' title='bbox 1148 846 1278 918; x_wconf 89' lang='lat' dir='ltr'><strong>plus</strong></span> <span class='ocrx_word' id='word_1_39' title='bbox 1320 863 1489 918; x_wconf 90' lang='lat' dir='ltr'><strong>quam</strong></span> <span class='ocrx_word' id='word_1_40' title='bbox 1519 846 1845 904; x_wconf 84' lang='lat' dir='ltr'><strong>exaltentur</strong></span> <span class='ocrx_word' id='word_1_41' title='bbox 1873 847 2016 905; x_wconf 89' lang='lat' dir='ltr'><strong>caeli</strong></span> 
     </span>
     <span class='ocr_line' id='line_1_7' title="bbox 405 945 2015 1014; baseline 0.001 -12"><span class='ocrx_word' id='word_1_42' title='bbox 405 962 440 1002; x_wconf 91' lang='lat' dir='ltr'><strong>a</strong></span> <span class='ocrx_word' id='word_1_43' title='bbox 480 946 649 1001; x_wconf 86' lang='lat' dir='ltr'><strong>terra.</strong></span> <span class='ocrx_word' id='word_1_44' title='bbox 699 945 745 1002; x_wconf 92' lang='grc' dir='ltr'>Ο</span> <span class='ocrx_word' id='word_1_45' title='bbox 789 961 916 1002; x_wconf 86' lang='lat' dir='ltr'><strong>vere</strong></span> <span class='ocrx_word' id='word_1_46' title='bbox 958 945 1235 1002; x_wconf 88' lang='lat' dir='ltr'><strong>mirabilis</strong></span> <span class='ocrx_word' id='word_1_47' title='bbox 1265 945 1322 1002; x_wconf 92' lang='lat' dir='ltr'><strong>et</strong></span> <span class='ocrx_word' id='word_1_48' title='bbox 1350 945 1607 1002; x_wconf 89' lang='lat' dir='ltr'><strong>inaudita</strong></span> <span class='ocrx_word' id='word_1_49' title='bbox 1649 945 1938 1014; x_wconf 82' lang='lat' dir='ltr'><strong>nobilitaS,</strong></span> <span class='ocrx_word' id='word_1_50' title='bbox 1982 963 2015 1003; x_wconf 94' lang='lat' dir='ltr'><strong>o</strong></span> 
     </span>
     <span class='ocr_line' id='line_1_8' title="bbox 407 1042 2017 1116; baseline 0.001 -17"><span class='ocrx_word' id='word_1_51' title='bbox 407 1060 535 1100; x_wconf 85' lang='lat' dir='ltr'><strong>vere</strong></span> <span class='ocrx_word' id='word_1_52' title='bbox 563 1042 768 1101; x_wconf 90' lang='lat' dir='ltr'><strong>nobilis</strong></span> <span class='ocrx_word' id='word_1_53' title='bbox 811 1042 877 1099; x_wconf 90' lang='lat' dir='ltr'><strong>de</strong></span> <span class='ocrx_word' id='word_1_54' title='bbox 907 1044 1127 1116; x_wconf 86' lang='lat' dir='ltr'><strong>virgine</strong></span> <span class='ocrx_word' id='word_1_55' title='bbox 1169 1043 1475 1101; x_wconf 87' lang='lat' dir='ltr'><strong>nativitas!</strong></span> <span class='ocrx_word' id='word_1_56' title='bbox 1530 1066 1559 1095; x_wconf 72' lang='grc' dir='ltr'><em>α</em></span> <span class='ocrx_word' id='word_1_57' title='bbox 1588 1042 1894 1111; x_wconf 84' lang='lat' dir='ltr'><strong>Nobilitas,</strong></span> <span class='ocrx_word' id='word_1_58' title='bbox 1924 1045 2017 1101; x_wconf 91' lang='lat' dir='ltr'><strong>in-</strong></span> 
     </span>
     <span class='ocr_line' id='line_1_9' title="bbox 405 1140 2017 1215; baseline 0.001 -18"><span class='ocrx_word' id='word_1_59' title='bbox 405 1141 530 1213; x_wconf 90' lang='lat' dir='ltr'><strong>quit</strong></span> <span class='ocrx_word' id='word_1_60' title='bbox 571 1142 929 1213; x_wconf 87' lang='lat' dir='ltr'><strong>Augustinus</strong></span> <span class='ocrx_word' id='word_1_61' title='bbox 959 1141 1068 1215; x_wconf 87' lang='lat'><strong>(2),</strong></span> <span class='ocrx_word' id='word_1_62' title='bbox 1114 1140 1224 1198; x_wconf 80' lang='lat' dir='ltr'><strong>fuit</strong></span> <span class='ocrx_word' id='word_1_63' title='bbox 1267 1142 1550 1199; x_wconf 86' lang='lat' dir='ltr'><strong>nascentis</strong></span> <span class='ocrx_word' id='word_1_64' title='bbox 1579 1143 1636 1198; x_wconf 89' lang='lat' dir='ltr'><strong>in</strong></span> <span class='ocrx_word' id='word_1_65' title='bbox 1679 1142 2017 1214; x_wconf 86' lang='lat' dir='ltr'><strong>virginitate</strong></span> 
     </span>
     <span class='ocr_line' id='line_1_10' title="bbox 405 1239 2017 1312; baseline 0.001 -16"><span class='ocrx_word' id='word_1_66' title='bbox 405 1240 679 1312; x_wconf 88' lang='lat' dir='ltr'><strong>parientis</strong></span> <span class='ocrx_word' id='word_1_67' title='bbox 723 1240 780 1297; x_wconf 93' lang='lat' dir='ltr'><strong>et</strong></span> <span class='ocrx_word' id='word_1_68' title='bbox 823 1239 1090 1298; x_wconf 86' lang='lat' dir='ltr'><strong>nobilitas</strong></span> <span class='ocrx_word' id='word_1_69' title='bbox 1155 1240 1430 1312; x_wconf 89' lang='lat' dir='ltr'><strong>parientis</strong></span> <span class='ocrx_word' id='word_1_70' title='bbox 1471 1242 1526 1296; x_wconf 91' lang='lat' dir='ltr'><strong>in</strong></span> <span class='ocrx_word' id='word_1_71' title='bbox 1570 1240 1869 1297; x_wconf 85' lang='lat' dir='ltr'><strong>divinitate</strong></span> <span class='ocrx_word' id='word_1_72' title='bbox 1909 1257 2017 1297; x_wconf 86' lang='lat' dir='ltr'><strong>na-</strong></span> 
     </span>
     <span class='ocr_line' id='line_1_11' title="bbox 405 1337 2019 1407; baseline -0.001 -13"><span class='ocrx_word' id='word_1_73' title='bbox 405 1338 612 1395; x_wconf 87' lang='lat' dir='ltr'><strong>scentis</strong></span> <span class='ocrx_word' id='word_1_74' title='bbox 641 1361 698 1394; x_wconf 88' lang='lat'><strong>&gt;›.</strong></span> <span class='ocrx_word' id='word_1_75' title='bbox 740 1370 819 1379; x_wconf 92' lang='lat'><strong>—-</strong></span> <span class='ocrx_word' id='word_1_76' title='bbox 860 1339 1028 1406; x_wconf 89' lang='lat' dir='ltr'><strong>Item,</strong></span> <span class='ocrx_word' id='word_1_77' title='bbox 1072 1339 1367 1406; x_wconf 83' lang='lat' dir='ltr'><strong>carissimi,</strong></span> <span class='ocrx_word' id='word_1_78' title='bbox 1427 1338 1646 1396; x_wconf 89' lang='lat' dir='ltr'><strong>fructus</strong></span> <span class='ocrx_word' id='word_1_79' title='bbox 1701 1339 1827 1407; x_wconf 88' lang='lat' dir='ltr'><strong>iste,</strong></span> <span class='ocrx_word' id='word_1_80' title='bbox 1880 1337 2019 1396; x_wconf 89' lang='lat' dir='ltr'><strong>licet</strong></span> 
     </span>
     <span class='ocr_line' id='line_1_12' title="bbox 403 1435 2017 1509; baseline 0.001 -16"><span class='ocrx_word' id='word_1_81' title='bbox 403 1452 711 1509; x_wconf 85' lang='lat' dir='ltr'><strong>generosus</strong></span> <span class='ocrx_word' id='word_1_82' title='bbox 753 1435 833 1493; x_wconf 92' lang='lat' dir='ltr'><strong>sit</strong></span> <span class='ocrx_word' id='word_1_83' title='bbox 873 1437 1108 1509; x_wconf 87' lang='lat' dir='ltr'><strong>propter</strong></span> <span class='ocrx_word' id='word_1_84' title='bbox 1136 1437 1361 1494; x_wconf 90' lang='lat' dir='ltr'><strong>uterum</strong></span> <span class='ocrx_word' id='word_1_85' title='bbox 1392 1437 1658 1509; x_wconf 78' lang='lat' dir='ltr'><strong>regalem,</strong></span> <span class='ocrx_word' id='word_1_86' title='bbox 1686 1438 2017 1509; x_wconf 83' lang='lat' dir='ltr'><strong>generosior</strong></span> 
     </span>
     <span class='ocr_line' id='line_1_13' title="bbox 404 1534 2016 1608; baseline 0 -16"><span class='ocrx_word' id='word_1_87' title='bbox 404 1535 593 1592; x_wconf 86' lang='lat' dir='ltr'><strong>autem</strong></span> <span class='ocrx_word' id='word_1_88' title='bbox 625 1534 859 1607; x_wconf 88' lang='lat' dir='ltr'><strong>propter</strong></span> <span class='ocrx_word' id='word_1_89' title='bbox 901 1534 1126 1592; x_wconf 89' lang='lat' dir='ltr'><strong>uterum</strong></span> <span class='ocrx_word' id='word_1_90' title='bbox 1156 1536 1512 1608; x_wconf 85' lang='lat' dir='ltr'><strong>virginalem,</strong></span> <span class='ocrx_word' id='word_1_91' title='bbox 1540 1536 2016 1608; x_wconf 85' lang='lat' dir='ltr'><strong>generosissimus</strong></span> 
     </span>
     <span class='ocr_line' id='line_1_14' title="bbox 405 1633 2016 1707; baseline 0.002 -17"><span class='ocrx_word' id='word_1_92' title='bbox 405 1635 595 1691; x_wconf 90' lang='lat' dir='ltr'><strong>tamen</strong></span> <span class='ocrx_word' id='word_1_93' title='bbox 617 1633 706 1691; x_wconf 87' lang='lat' dir='ltr'><strong>est</strong></span> <span class='ocrx_word' id='word_1_94' title='bbox 729 1633 962 1706; x_wconf 78' lang='lat' dir='ltr'><strong>propter</strong></span> <span class='ocrx_word' id='word_1_95' title='bbox 979 1634 1201 1692; x_wconf 90' lang='lat' dir='ltr'><strong>uterum</strong></span> <span class='ocrx_word' id='word_1_96' title='bbox 1216 1635 1590 1707; x_wconf 77' lang='lat' dir='ltr'><strong>paternalem</strong></span> <span class='ocrx_word' id='word_1_97' title='bbox 1600 1653 1619 1704; x_wconf 87' lang='lat'><strong>‚·</strong></span> <span class='ocrx_word' id='word_1_98' title='bbox 1640 1633 1790 1692; x_wconf 86' lang='lat' dir='ltr'><strong>unde</strong></span> <span class='ocrx_word' id='word_1_99' title='bbox 1811 1634 1881 1692; x_wconf 90' lang='lat' dir='ltr'><strong>de</strong></span> <span class='ocrx_word' id='word_1_100' title='bbox 1903 1636 2016 1693; x_wconf 88' lang='lat' dir='ltr'><strong>isto</strong></span> 
     </span>
     <span class='ocr_line' id='line_1_15' title="bbox 406 1731 2012 1808; baseline -0.001 -16"><span class='ocrx_word' id='word_1_101' title='bbox 406 1732 594 1792; x_wconf 88' lang='lat' dir='ltr'><strong>fructu</strong></span> <span class='ocrx_word' id='word_1_102' title='bbox 637 1734 810 1806; x_wconf 87' lang='lat' dir='ltr'><strong>accipi</strong></span> <span class='ocrx_word' id='word_1_103' title='bbox 844 1733 1033 1805; x_wconf 85' lang='lat' dir='ltr'><strong>potest</strong></span> <span class='ocrx_word' id='word_1_104' title='bbox 1060 1733 1203 1791; x_wconf 91' lang='lat' dir='ltr'><strong>illud</strong></span> <span class='ocrx_word' id='word_1_105' title='bbox 1244 1731 1383 1791; x_wconf 87' lang='lat' dir='ltr'><strong>Osee</strong></span> <span class='ocrx_word' id='word_1_106' title='bbox 1412 1733 1621 1791; x_wconf 90' lang='lat' dir='ltr'><strong>decimo</strong></span> <span class='ocrx_word' id='word_1_107' title='bbox 1648 1734 1856 1806; x_wconf 86' lang='lat' dir='ltr'><strong>quarto</strong></span> <span class='ocrx_word' id='word_1_108' title='bbox 1887 1733 2012 1808; x_wconf 85' lang='lat'>(3):</span> 
     </span>
     <span class='ocr_line' id='line_1_16' title="bbox 405 1830 2015 1906; baseline 0.002 -17"><span class='ocrx_word' id='word_1_109' title='bbox 405 1833 504 1889; x_wconf 78' lang='lat' dir='ltr'><strong>Ex</strong></span> <span class='ocrx_word' id='word_1_110' title='bbox 543 1849 632 1889; x_wconf 86' lang='lat' dir='ltr'><strong>me</strong></span> <span class='ocrx_word' id='word_1_111' title='bbox 658 1830 892 1900; x_wconf 78' lang='lat' dir='ltr'><strong>fructus</strong></span> <span class='ocrx_word' id='word_1_112' title='bbox 924 1834 1057 1890; x_wconf 81' lang='lat' dir='ltr'><strong>tuus</strong></span> <span class='ocrx_word' id='word_1_113' title='bbox 1083 1834 1354 1890; x_wconf 78' lang='lat' dir='ltr'><strong>inventus</strong></span> <span class='ocrx_word' id='word_1_114' title='bbox 1395 1835 1480 1890; x_wconf 81' lang='lat' dir='ltr'><strong>est</strong></span> <span class='ocrx_word' id='word_1_115' title='bbox 1500 1832 1609 1906; x_wconf 90' lang='lat'><strong>(4).</strong></span> <span class='ocrx_word' id='word_1_116' title='bbox 1655 1832 1825 1890; x_wconf 92' lang='lat' dir='ltr'><strong>Dicat</strong></span> <span class='ocrx_word' id='word_1_117' title='bbox 1878 1849 2015 1906; x_wconf 88' lang='lat' dir='ltr'><strong>ergo</strong></span> 
     </span>
     <span class='ocr_line' id='line_1_17' title="bbox 407 1930 2014 1999; baseline 0.001 -13"><span class='ocrx_word' id='word_1_118' title='bbox 407 1931 556 1988; x_wconf 89' lang='lat' dir='ltr'><strong>Deus</strong></span> <span class='ocrx_word' id='word_1_119' title='bbox 601 1931 773 1988; x_wconf 87' lang='lat' dir='ltr'><strong>Pater</strong></span> <span class='ocrx_word' id='word_1_120' title='bbox 816 1931 885 1987; x_wconf 88' lang='lat' dir='ltr'><strong>ad</strong></span> <span class='ocrx_word' id='word_1_121' title='bbox 916 1931 1174 1999; x_wconf 89' lang='lat' dir='ltr'><strong>Mariam,</strong></span> <span class='ocrx_word' id='word_1_122' title='bbox 1205 1930 1357 1988; x_wconf 87' lang='lat' dir='ltr'><strong>dicat</strong></span> <span class='ocrx_word' id='word_1_123' title='bbox 1384 1931 1454 1988; x_wconf 90' lang='lat' dir='ltr'><strong>ad</strong></span> <span class='ocrx_word' id='word_1_124' title='bbox 1491 1930 1709 1988; x_wconf 87' lang='lat' dir='ltr'><strong>fidelem</strong></span> <span class='ocrx_word' id='word_1_125' title='bbox 1741 1932 2014 1997; x_wconf 84' lang='lat' dir='ltr'><strong>animam,</strong></span> 
     </span>
     <span class='ocr_line' id='line_1_18' title="bbox 405 2026 2017 2097; baseline 0.001 -13"><span class='ocrx_word' id='word_1_126' title='bbox 405 2028 557 2086; x_wconf 90' lang='lat' dir='ltr'><strong>dicat</strong></span> <span class='ocrx_word' id='word_1_127' title='bbox 597 2029 668 2086; x_wconf 91' lang='lat' dir='ltr'><strong>ad</strong></span> <span class='ocrx_word' id='word_1_128' title='bbox 709 2028 1048 2086; x_wconf 86' lang='lat' dir='ltr'><strong>Ecclesiam:</strong></span> <span class='ocrx_word' id='word_1_129' title='bbox 1095 2029 1196 2086; x_wconf 81' lang='lat' dir='ltr'><strong>Ex</strong></span> <span class='ocrx_word' id='word_1_130' title='bbox 1234 2044 1323 2085; x_wconf 84' lang='lat' dir='ltr'><strong>me</strong></span> <span class='ocrx_word' id='word_1_131' title='bbox 1364 2026 1596 2097; x_wconf 80' lang='lat' dir='ltr'><strong>fructus</strong></span> <span class='ocrx_word' id='word_1_132' title='bbox 1633 2031 1772 2087; x_wconf 76' lang='lat' dir='ltr'><strong>tuus</strong></span> <span class='ocrx_word' id='word_1_133' title='bbox 1810 2031 2017 2087; x_wconf 78' lang='lat' dir='ltr'><strong>inven-</strong></span> 
     </span>
     <span class='ocr_line' id='line_1_19' title="bbox 407 2125 2017 2200; baseline 0.001 -17"><span class='ocrx_word' id='word_1_134' title='bbox 407 2130 499 2184; x_wconf 78' lang='lat' dir='ltr'><strong>tus</strong></span> <span class='ocrx_word' id='word_1_135' title='bbox 540 2130 641 2198; x_wconf 81' lang='lat' dir='ltr'><strong>est,</strong></span> <span class='ocrx_word' id='word_1_136' title='bbox 683 2127 835 2195; x_wconf 89' lang='lat' dir='ltr'><strong>tuus,</strong></span> <span class='ocrx_word' id='word_1_137' title='bbox 882 2142 912 2184; x_wconf 95' lang='lat' dir='ltr'><strong>o</strong></span> <span class='ocrx_word' id='word_1_138' title='bbox 955 2127 1156 2194; x_wconf 85' lang='lat' dir='ltr'><strong>Maria,</strong></span> <span class='ocrx_word' id='word_1_139' title='bbox 1200 2126 1270 2183; x_wconf 92' lang='lat' dir='ltr'><strong>ad</strong></span> <span class='ocrx_word' id='word_1_140' title='bbox 1313 2125 1462 2184; x_wconf 90' lang='lat' dir='ltr'><strong>hunc</strong></span> <span class='ocrx_word' id='word_1_141' title='bbox 1503 2126 1751 2185; x_wconf 86' lang='lat' dir='ltr'><strong>fructum</strong></span> <span class='ocrx_word' id='word_1_142' title='bbox 1804 2128 2017 2200; x_wconf 86' lang='lat' dir='ltr'><strong>produ-</strong></span> 
     </span>
     <span class='ocr_line' id='line_1_20' title="bbox 404 2225 2014 2295; baseline 0.002 -14"><span class='ocrx_word' id='word_1_143' title='bbox 404 2225 638 2281; x_wconf 89' lang='lat' dir='ltr'><strong>cendum</strong></span> <span class='ocrx_word' id='word_1_144' title='bbox 682 2227 889 2295; x_wconf 84' lang='lat' dir='ltr'><strong>electa3</strong></span> <span class='ocrx_word' id='word_1_145' title='bbox 935 2226 1086 2293; x_wconf 83' lang='lat' dir='ltr'><strong>tuuS,</strong></span> <span class='ocrx_word' id='word_1_146' title='bbox 1132 2241 1162 2283; x_wconf 95' lang='lat' dir='ltr'><strong>o</strong></span> <span class='ocrx_word' id='word_1_147' title='bbox 1205 2226 1412 2294; x_wconf 88' lang='lat' dir='ltr'><strong>anima,</strong></span> <span class='ocrx_word' id='word_1_148' title='bbox 1455 2225 1526 2282; x_wconf 90' lang='lat' dir='ltr'><strong>ad</strong></span> <span class='ocrx_word' id='word_1_149' title='bbox 1569 2225 1719 2284; x_wconf 91' lang='lat' dir='ltr'><strong>hunc</strong></span> <span class='ocrx_word' id='word_1_150' title='bbox 1761 2226 2014 2285; x_wconf 88' lang='lat' dir='ltr'><strong>fructum</strong></span> 
     </span>
     <span class='ocr_line' id='line_1_21' title="bbox 404 2323 2017 2396; baseline 0.002 -16"><span class='ocrx_word' id='word_1_151' title='bbox 404 2323 745 2396; x_wconf 87' lang='lat' dir='ltr'><strong>diligendum</strong></span> <span class='ocrx_word' id='word_1_152' title='bbox 790 2324 1011 2393; x_wconf 86' lang='lat' dir='ltr'><strong>illecta;</strong></span> <span class='ocrx_word' id='word_1_153' title='bbox 1056 2325 1208 2391; x_wconf 77' lang='lat' dir='ltr'><strong>tuuS,</strong></span> <span class='ocrx_word' id='word_1_154' title='bbox 1253 2341 1285 2382; x_wconf 94' lang='lat' dir='ltr'><strong>o</strong></span> <span class='ocrx_word' id='word_1_155' title='bbox 1314 2324 1580 2393; x_wconf 88' lang='lat' dir='ltr'><strong>Ecclesia,</strong></span> <span class='ocrx_word' id='word_1_156' title='bbox 1611 2325 1681 2382; x_wconf 85' lang='lat' dir='ltr'><strong>ad</strong></span> <span class='ocrx_word' id='word_1_157' title='bbox 1712 2324 1868 2382; x_wconf 90' lang='lat' dir='ltr'><strong>hunc</strong></span> <span class='ocrx_word' id='word_1_158' title='bbox 1897 2324 2017 2383; x_wconf 87' lang='lat' dir='ltr'><strong>fru-</strong></span> 
     </span>
     <span class='ocr_line' id='line_1_22' title="bbox 404 2422 2014 2495; baseline 0.001 -17"><span class='ocrx_word' id='word_1_159' title='bbox 404 2422 555 2478; x_wconf 89' lang='lat' dir='ltr'><strong>ctum</strong></span> <span class='ocrx_word' id='word_1_160' title='bbox 601 2422 1016 2494; x_wconf 76' lang='lat' dir='ltr'><strong>percipiendum‘</strong></span> <span class='ocrx_word' id='word_1_161' title='bbox 1047 2422 1300 2480; x_wconf 89' lang='lat' dir='ltr'><strong>collecta.</strong></span> <span class='ocrx_word' id='word_1_162' title='bbox 1331 2422 1503 2491; x_wconf 83' lang='lat' dir='ltr'><strong>TuuS‚</strong></span> <span class='ocrx_word' id='word_1_163' title='bbox 1545 2422 1797 2495; x_wconf 88' lang='lat' dir='ltr'><strong>inquam,</strong></span> <span class='ocrx_word' id='word_1_164' title='bbox 1843 2423 2014 2493; x_wconf 81' lang='lat' dir='ltr'><strong>tuus3</strong></span> 
     </span>
    </p>
   </div>
   <div class='ocr_carea' id='block_1_3' title="bbox 466 2550 722 2557">
    <p class='ocr_par' dir='ltr' id='par_1_3' title="bbox 466 2550 722 2557">
     <span class='ocr_line' id='line_1_23' title="bbox 466 2550 722 2557; baseline 0 0"><span class='ocrx_word' id='word_1_165' title='bbox 466 2550 722 2557; x_wconf 95' lang='lat' dir='ltr'><strong> </strong></span> 
     </span>
    </p>
   </div>
   <div class='ocr_carea' id='block_1_4' title="bbox 529 2607 1676 2827">
    <p class='ocr_par' dir='ltr' id='par_1_4' title="bbox 529 2607 1676 2827">
     <span class='ocr_line' id='line_1_24' title="bbox 533 2607 1525 2667; baseline 0.001 -13"><span class='ocrx_word' id='word_1_166' title='bbox 533 2609 576 2667; x_wconf 93' lang='grc'><strong>1)</strong></span> <span class='ocrx_word' id='word_1_167' title='bbox 613 2609 759 2654; x_wconf 89' lang='lat' dir='ltr'><strong>Serm.</strong></span> <span class='ocrx_word' id='word_1_168' title='bbox 800 2609 840 2653; x_wconf 92' lang='grc'><strong>1.</strong></span> <span class='ocrx_word' id='word_1_169' title='bbox 880 2607 927 2654; x_wconf 85' lang='grc' dir='ltr'><strong>ἰη</strong></span> <span class='ocrx_word' id='word_1_170' title='bbox 962 2608 1190 2655; x_wconf 87' lang='lat' dir='ltr'><strong>Circumc.</strong></span> <span class='ocrx_word' id='word_1_171' title='bbox 1226 2609 1357 2655; x_wconf 90' lang='lat' dir='ltr'><strong>Dom.</strong></span> <span class='ocrx_word' id='word_1_172' title='bbox 1394 2623 1442 2656; x_wconf 86' lang='lat' dir='ltr'><strong>n.</strong></span> <span class='ocrx_word' id='word_1_173' title='bbox 1477 2610 1525 2655; x_wconf 92' lang='grc'><strong>2.</strong></span> 
     </span>
     <span class='ocr_line' id='line_1_25' title="bbox 529 2688 1676 2749; baseline 0 -13"><span class='ocrx_word' id='word_1_174' title='bbox 529 2692 577 2748; x_wconf 93' lang='grc'><strong>2)</strong></span> <span class='ocrx_word' id='word_1_175' title='bbox 614 2689 760 2736; x_wconf 88' lang='lat' dir='ltr'><strong>Serm.</strong></span> <span class='ocrx_word' id='word_1_176' title='bbox 797 2689 909 2735; x_wconf 92' lang='grc'><strong>200.</strong></span> <span class='ocrx_word' id='word_1_177' title='bbox 946 2689 1088 2748; x_wconf 81' lang='lat' dir='ltr'><strong>(alias</strong></span> <span class='ocrx_word' id='word_1_178' title='bbox 1125 2688 1200 2735; x_wconf 85' lang='lat'><strong>30.</strong></span> <span class='ocrx_word' id='word_1_179' title='bbox 1237 2689 1293 2735; x_wconf 89' lang='lat' dir='ltr'><strong>de</strong></span> <span class='ocrx_word' id='word_1_180' title='bbox 1327 2690 1509 2749; x_wconf 87' lang='lat' dir='ltr'><strong>Temp.)</strong></span> <span class='ocrx_word' id='word_1_181' title='bbox 1546 2704 1594 2736; x_wconf 92' lang='lat' dir='ltr'><strong>n.</strong></span> <span class='ocrx_word' id='word_1_182' title='bbox 1629 2690 1676 2736; x_wconf 88' lang='grc'><strong>2.</strong></span> 
     </span>
     <span class='ocr_line' id='line_1_26' title="bbox 530 2770 832 2827; baseline -0.003 -11"><span class='ocrx_word' id='word_1_183' title='bbox 530 2770 577 2827; x_wconf 87' lang='grc'><strong>3)</strong></span> <span class='ocrx_word' id='word_1_184' title='bbox 615 2771 748 2816; x_wconf 88' lang='lat' dir='ltr'><strong>Vers.</strong></span> <span class='ocrx_word' id='word_1_185' title='bbox 786 2770 832 2815; x_wconf 85' lang='lat'><strong>9.</strong></span> 
     </span>
    </p>
   </div>
   <div class='ocr_carea' id='block_1_5' title="bbox 409 2850 2011 2986">
    <p class='ocr_par' dir='ltr' id='par_1_5' title="bbox 409 2850 2011 2986">
     <span class='ocr_line' id='line_1_27' title="bbox 452 2850 2011 2910; baseline 0.003 -15"><span class='ocrx_word' id='word_1_186' title='bbox 452 2877 455 2882; x_wconf 88' lang='lat'>-</span> <span class='ocrx_word' id='word_1_187' title='bbox 527 2851 576 2907; x_wconf 87' lang='lat'><strong>4)</strong></span> <span class='ocrx_word' id='word_1_188' title='bbox 614 2850 651 2895; x_wconf 83' lang='lat' dir='ltr'>A</span> <span class='ocrx_word' id='word_1_189' title='bbox 672 2850 704 2896; x_wconf 90' lang='lat' dir='ltr'>C</span> <span class='ocrx_word' id='word_1_190' title='bbox 738 2851 788 2896; x_wconf 89' lang='lat' dir='ltr'><strong>et</strong></span> <span class='ocrx_word' id='word_1_191' title='bbox 828 2850 1062 2897; x_wconf 83' lang='lat' dir='ltr'><strong>Vaticana</strong></span> <span class='ocrx_word' id='word_1_192' title='bbox 1104 2850 1312 2897; x_wconf 85' lang='lat' dir='ltr'><strong>addunt:</strong></span> <span class='ocrx_word' id='word_1_193' title='bbox 1356 2869 1379 2896; x_wconf 82' lang='lat'><strong>«</strong></span> <span class='ocrx_word' id='word_1_194' title='bbox 1403 2850 1645 2909; x_wconf 81' lang='lat' dir='ltr'><strong>Originale</strong></span> <span class='ocrx_word' id='word_1_195' title='bbox 1686 2852 1834 2899; x_wconf 82' lang='lat' dir='ltr'><strong>habet</strong></span> <span class='ocrx_word' id='word_1_196' title='bbox 1882 2858 2011 2910; x_wconf 72' lang='lat' dir='ltr'><strong>tuae,</strong></span> 
     </span>
     <span class='ocr_line' id='line_1_28' title="bbox 409 2928 1256 2986; baseline 0.009 -16"><span class='ocrx_word' id='word_1_197' title='bbox 409 2930 485 2972; x_wconf 52' lang='lat' dir='ltr'><strong>sod</strong></span> <span class='ocrx_word' id='word_1_198' title='bbox 522 2928 836 2986; x_wconf 58' lang='lat' dir='ltr'><strong>Soffluaginta</strong></span> <span class='ocrx_word' id='word_1_199' title='bbox 869 2930 1048 2977; x_wconf 85' lang='lat' dir='ltr'><strong>habent</strong></span> <span class='ocrx_word' id='word_1_200' title='bbox 1081 2932 1185 2977; x_wconf 82' lang='lat' dir='ltr'><strong>eius</strong></span> <span class='ocrx_word' id='word_1_201' title='bbox 1206 2947 1256 2978; x_wconf 82' lang='lat'><strong>».</strong></span> 
     </span>
    </p>
   </div>
   <div class='ocr_carea' id='block_1_6' title="bbox 347 3297 434 3431">
    <p class='ocr_par' dir='ltr' id='par_1_6' title="bbox 347 3297 434 3431">
     <span class='ocr_line' id='line_1_29' title="bbox 347 3297 434 3431; baseline 0 -128"><span class='ocrx_word' id='word_1_202' title='bbox 347 3297 434 3431; x_wconf 50' lang='grc' dir='ltr'>ἱ</span> 
     </span>
    </p>
   </div>
  </div>
 </body>
</html>
