2237 3481
374 232 489 292 268
881 248 1171 292 SPECULUM
1214 249 1265 290 B.
1308 248 1370 290 M.
1417 249 1472 291 v.

370 441 634 501 titudinis
656 443 922 501 reductus
937 445 964 499 ⁴?
992 443 1307 501 Benedicta
1327 443 1392 500 in
1411 390 1799 501 mulieribus!
1821 441 1982 500 Haec

371 542 558 600 omnia
600 541 735 598 mihi
777 542 931 600 dedit
973 542 1298 601 benedictus
1339 541 1569 600 fructus·
1615 541 1836 599 ventris
1893 541 1982 598 tui

371 640 430 696 in
493 641 917 713 regeneratione
942 640 1349 712 „baptismatis
1411 641 1497 697 sui
1539 663 1597 696 ιο.
1659 639 1778 697 Vae
1841 655 1981 712 ergo

372 738 630 805 omnibus
670 738 743 795 ab
770 739 880 797 isto
921 738 1109 796 fructu
1152 739 1381 797 alienis!
1411 738 1695 811 Scriptum
1733 754 1980 809 namque

373 837 461 894 est
491 835 612 911 (1):
664 835 865 895 Omnis
928 838 1129 911 arbor,
1172 853 1319 910 quae
1358 840 1477 894 non
1528 835 1676 907 facit
1713 834 1981 905 fructum

370 935 603 1007 bonum,
645 935 941 993 excidetur
982 938 1038 993 et
1074 937 1142 993 in
1180 936 1372 1009 iynem
1410 936 1695 993 mittetur.

532 1034 798 1106 Septimo,
841 1035 1137 1103 carissimi,
1201 1035 1559 1093 necessarius
1612 1033 1702 1091 est
1755 1032 1981 1091 fructus

373 1132 585 1191 Mariae
627 1132 952 1191 benedictus
992 1133 1063 1190 ad
1120 1134 1611 1191 renuntiationem
1674 1133 1793 1190 sive
1852 1148 1979 1190 con·

372 1231 650 1303 temptum
693 1231 1059 1289 substantiae
1101 1231 1440 1303 temporalis
1454 1228 1478 1302 ;’
1534 1230 1682 1288 unde
1726 1230 1981 1288 Cantico-

375 1347 513 1387 rum,
541 1330 738 1389 octavo
768 1330 884 1405 (2):
940 1330 1044 1389 Vir
1087 1329 1264 1399 affert
1283 1347 1397 1402 pro
1439 1328 1641 1399 fructu
1666 1330 1792 1388 eius
1817 1328 1980 1387 mille

375 1432 697 1502 argenteos,
765 1451 798 1483 e:
821 1429 1187 1502 relinquendo
1243 1428 1579 1501 temporalia
1607 1451 1666 1498 »‚
1709 1427 1846 1486 dicit
1886 1428 1980 1486 In-

373 1529 697 1586 terlinearis
726 1527 835 1603 (3),
875 1545 1028 1598 nam,
1073 1528 1221 1587 'sicut
1273 1529 1388 1586 alia
1449 1527 1652 1586 Glossa
1681 1527 1772 1602 (4)
1822 1526 1979 1596 dicit,

383 1650 412 1679 «
441 1644 541 1699 per
579 1626 738 1685 mille
781 1626 1063 1700 perfectio,
1107 1642 1208 1700 per
1262 1629 1572 1701 arqentum
1628 1642 1759 1684 vero
1815 1642 1979 1684 omne

374 1727 717 1785 mundanum
760 1727 1036 1800 accipitur
1061 1751 1117 1788 ».
1163 1725 1322 1785 Unde
1361 1726 1525 1800 quasi
1563 1725 1727 1784 mille
1775 1740 1981 1798 arqen-

376 1829 494 1884 teos
535 1842 639 1898 pro
680 1825 785 1885 hoc
824 1825 1011 1883 fructu
1043 1825 1143 1883 dat
1171 1827 1502 1899 quicumque
1532 1823 1777 1898 perfecte
1807 1825 1980 1882 omni·

376 1924 480 1981 bue
521 1923 928 1996 temporalibus
972 1940 1073 1996 pro
1117 1923 1346 1982 Christo
1387 1923 1711 1993 renuntiat3
1754 1922 1814 1980 et
1849 1939 1980 1979 vere

374 2023 576 2082 merito
619 2038 722 2096 pro
751 2022 854 2081 hoc
894 2022 1085 2081 fructu
1113 2023 1301 2081 omnia
1326 2022 1665 2096 temporalia
1693 2020 1980 2078 ferventer

374 2121 673 2194 vilipendit
714 2122 1063 2194 quicumque,
1093 2138 1261 2194 quam
1293 2120 1736 2193 pretiosissimus
1765 2121 1846 2177 sit
1870 2120 1980 2177 iste

318 2257 323 2262 ,
375 2220 615 2289 fructae,
658 2220 959 2293 diligenter
1000 2219 1265 2288 attendit,
1309 2218 1497 2277 dicens
1547 2218 1689 2277 illud
1744 2218 1981 2277 Prover-

376 2318 593 2378 biorum
636 2318 833 2378 octavo
863 2317 985 2393 (5):
1023 2318 1245 2376 Melior
1272 2320 1358 2376 est
1382 2315 1611 2387 fructus
1637 2333 1801 2376 meus
1828 2333 1980 2374 auro

374 2419 430 2474 et
471 2417 664 2490 lapide
693 2418 956 2489 pretioso
999 2419 1053 2475 et
1088 2416 1395 2490 yenimina
1433 2431 1562 2473 mea
1603 2418 1851 2489 arqento
1877 2415 1982 2473 ele·

504 2685 549 2744 1)
585 2684 762 2731 Matth.
800 2684 847 2742 3,
886 2684 959 2730 10.
1637 2682 1688 2742 2)
1727 2683 1861 2729 vers·
1903 2683 1979 2729 11.

500 2765 549 2823 3)
586 2765 721 2823 Apud
754 2765 988 2822 Lyranum
1023 2762 1071 2809 in
1106 2764 1230 2810 hunc
1262 2763 1430 2809 locum.

498 2846 548 2905 4)
584 2845 775 2892 Scilicet
808 2845 1071 2891 ordinaria
1104 2844 1228 2903 apud
1261 2845 1497 2902 Lyranum
1529 2842 1579 2890 in
1613 2843 1739 2891 hunc
1770 2845 1943 2891 locum.

498 2928 547 2986 5)
585 2928 718 2973 Vers.
759 2926 833 2972 19.
