2237 3481
865 241 1065 285 Lac'rlo
1107 241 1272 283 xvm.
1756 227 1872 285 273

264 431 403 488 sime
465 430 555 489 est
616 430 836 489 fructus
896 430 1129 500 Mariae,
1172 431 1393 490 fructus
1444 432 1595 490 certe
1656 432 1874 490 ventris

262 529 384 587 eius
424 528 530 598 est,
573 529 706 602 quia
750 529 817 587 de
859 529 1057 587 ventre
1098 531 1219 588 eius
1263 530 1715 603 singularissime
1772 548 1876 588 na-

262 627 360 685 tus
400 626 519 697 est3
564 627 785 685 fructus
846 627 1016 685 etiam
1080 629 1196 687 oris
1258 628 1379 686 eius
1434 628 1540 697 est,
1584 630 1716 702 quia
1780 646 1874 688 ore

264 727 385 784 eius
446 726 768 785 dulcissime
837 726 1284 785 communicatus
1354 726 1443 786 est
1466 725 1587 802 (1);
1653 726 1873 785 fructus

263 841 482 897 quoque
526 841 794 882 manuum
839 825 959 882 eius
1000 825 1105 894 est,
1150 826 1284 898 quia
1327 825 1589 883 manibus
1631 827 1750 883 eius
1779 826 1876 883 de-

263 922 553 981 votissime
581 922 926 981 attrectatus
967 923 1073 981 est.
1117 923 1200 980 De
1243 924 1354 982 isto
1383 923 1575 996 itaque
1604 940 1872 981 manuum

263 1020 457 1079 fructu
498 1020 682 1078 Maria
724 1020 813 1079 vel
858 1022 1149 1094 primitiva
1198 1021 1467 1089 Ecclesia,
1509 1022 1657 1080 sicut
1705 1038 1875 1094 expo-

263 1118 351 1176 nit
380 1118 585 1177 Glossa
608 1119 718 1194 (2),
738 1119 1045 1202 plantavit
1082 1121 1328 1192 vineam,
1358 1120 1413 1177 id
1443 1120 1531 1178 est
1559 1119 1868 1178 Ecclesiam

262 1217 643 1275 universalem
687 1234 788 1291 per
828 1217 1019 1276 orbem
1049 1217 1333 1276 diffusam.
1363 1217 1410 1276 Ο
1451 1218 1725 1291 quomodo
1755 1219 1871 1290 pal-

265 1315 433 1373 mites
474 1314 644 1373 huius
687 1317 899 1385 vineae,
931 1315 1191 1374 videlicet
1218 1315 1412 1374 fideles
1440 1315 1739 1385 Ecclesiae,
1773 1333 1873 1388 per

261 1413 414 1471 hunc
454 1412 702 1471 fructum
746 1414 1114 1486 multiplicati
1158 1414 1310 1483 sunt,
1341 1414 1473 1471 dum
1503 1414 1748 1472 rectores
1775 1414 1877 1471 Ec·

261 1512 465 1570 clesiae
510 1512 568 1568 in
609 1511 871 1570 cordibus
912 1511 1164 1569 fidelium
1207 1512 1441 1570 eundem
1485 1511 1735 1570 fructum
1765 1514 1882 1597 spi5

262 1608 554 1668 ritualiter
595 1611 751 1668 nasci
781 1610 1062 1668 fecerunt!
1094 1611 1244 1669 Hinc
1273 1610 1410 1669 bene
1439 1611 1497 1668 in
1529 1611 1757 1670 Psalmo
1782 1610 1870 1685 (3)

262 1708 502 1766 dicitur:
552 1707 842 1766 Fecerunt
902 1706 1162 1779 fructum
1209 1709 1562 1782 nativitatis,
1606 1711 1662 1767 et
1715 1694 1872 1767 bene·

261 1807 417 1866 dixit
456 1807 557 1879 eis,
601 1808 658 1864 et
696 1806 1079 1880 multiplicati
1117 1810 1258 1866 sunt
1283 1808 1481 1866 nimis.
1510 1807 1653 1877 Quia
1682 1808 1874 1865 Eccle-

263 1906 349 1962 sia
388 1904 455 1962 de
497 1904 758 1963 omnibus
797 1905 1259 1978 generationibus
1296 1906 1385 1963 est
1427 1923 1526 1979 per
1568 1905 1718 1964 hunc
1760 1905 1871 1963 fru-

261 2002 416 2060 ctum
461 2002 862 2075 multiplic-ata,
892 2003 1020 2061 ideo
1055 2003 1233 2077 Virgo
1276 2003 1425 2061 hunc
1467 2003 1714 2062 fructum
1747 2020 1868 2077 pro-

261 2100 471 2158 ducens
534 2101 733 2160 merito
775 2101 847 2159 ab
889 2102 1150 2160 omnibus
1196 2102 1658 2176 generationibus
1716 2119 1872 2174 prae-

260 2198 484 2257 dicatur
538 2199 723 2258 beata.
767 2200 1010 2273 Propter
1072 2201 1221 2273 quod
1282 2201 1421 2259 bene
1465 2202 1590 2274 ipsa
1632 2201 1715 2258 ait
1746 2200 1869 2275 (4):

260 2297 412 2356 Ecce
452 2298 629 2371 enim,
671 2313 740 2356 ex
782 2298 888 2356 hoc
930 2299 1160 2356 beatam
1203 2315 1292 2357 me
1332 2299 1521 2357 dicent
1560 2315 1757 2358 omnes
1781 2316 1869 2372 96-

258 2395 625 2466 nerationes;
665 2396 733 2453 de
773 2397 979 2469 quibus
1021 2397 1209 2455 verbis
1240 2399 1476 2471 loquens
1506 2398 1706 2456 beatus
1734 2398 1872 2456 Ber-

388 2581 434 2642 1)
470 2582 626 2629 Verba
659 2584 858 2641 fructus
891 2583 1041 2629 etiam
1073 2583 1238 2631 oris...
1264 2584 1655 2630 communicatus
1688 2589 1761 2630 est
1793 2585 1870 2631 de·

260 2664 376 2709 sunt
409 2660 458 2709 in
492 2664 530 2709 B
565 2662 616 2710 C.

385 2742 435 2802 2)
474 2741 590 2789 Vide
613 2742 825 2789 Glossam
848 2743 1164 2790 ordinariam
1187 2743 1310 2802 apud
1333 2744 1569 2802 Lyranum
1588 2746 1638 2791 et
1654 2743 1870 2803 Exposit.

261 2823 414 2870 Bedae
448 2821 498 2868 in
533 2823 658 2869 hunc
691 2824 859 2870 locum.
1018 2809 1023 2814 ¹

385 2903 433 2962 3)
470 2903 645 2951 Psalm.
688 2904 793 2964 106,
830 2905 907 2952 37.
945 2918 1044 2963 seq.
1467 2905 1517 2965 4)
1553 2907 1665 2953 Luc.
1708 2905 1750 2963 1,
1786 2905 1865 2952 48.

1688 3003 1742 3049 18
