2237 3481
114 3042 349 3153 “fin

330 3154 353 3175 ³.-

362 3176 369 3187 ι
534 3191 541 3198 1

410 3240 435 3271 'e

376 243 454 309 90
541 295 544 298 v
724 317 729 328 ¹
884 260 1175 309 sementum
1216 264 1267 308 B.
1310 263 1372 309 M.
1416 263 1471 310 v.

375 459 494 517 luci
533 459 618 516 illi
660 459 1050 517 inaccessibili
1081 458 1171 533 (1)
1217 458 1477 517 videatur
1523 460 1865 517 immersa».
1895 492 1984 502 —

373 557 540 627 Item,
599 557 732 631 quid
783 558 1007 624 mirum,
1054 558 1102 614 si
1156 558 1267 614 iam
1318 558 1378 615 in
1432 557 1830 616 fecundissima
1886 560 1987 617 di-

374 655 612 713 lectione
639 654 728 713 est
754 658 944 713 anima
985 655 1242 714 Mariae?
1270 655 1430 725 Quid,
1468 657 1716 729 inquam,
1751 657 1980 725 mirum,

373 755 423 811 si
465 770 600 827 prae
643 754 902 813 omnibus
942 753 1166 827 diligat,
1209 770 1351 828 quae
1393 770 1530 826 prae
1572 754 1833 813 omnibus
1889 755 1985 813 est

372 851 620 910 dilecta?
680 852 825 911 Vere
888 868 1023 925 prae
1085 852 1376 922 omnibus;
1420 852 1504 910 ait
1563 854 1712 910 enim
1774 852 1984 911 beatus

374 950 734 1024 Augustinus
758 951 846 1026 (2)
877 952 947 1009 ad
971 953 1181 1024 ipsam:
1215 974 1244 1003 «
1266 951 1341 1009 Te
1382 952 1503 1025 ipse
1537 952 1654 1009 Rex
1684 969 1884 1025 regum
1915 952 1985 1009 ut

373 1049 613 1107 matrem
657 1067 848 1107 veram
892 1048 949 1108 et
988 1049 1246 1108 decoram
1291 1066 1559 1124 sponsam
1616 1066 1752 1123 prae
1807 1052 1985 1109 omni·

374 1147 482 1206 bus
524 1148 783 1221 diligens,
825 1150 1035 1207 amoris
1074 1149 1339 1221 amplexu
1382 1150 1488 1206 sibi
1530 1148 1776 1208 associat
1802 1171 1861 1205 ».
1900 1180 1986 1193 -

375 1247 542 1315 Item,
586 1246 717 1318 quid
759 1247 985 1314 mirum,
1029 1247 1076 1304 si
1120 1248 1231 1304 iam
1275 1248 1334 1304 in
1376 1247 1783 1305 iucundissima
1830 1244 1984 1316 frui·

376 1344 530 1401 tione
572 1344 649 1401 sit
702 1345 892 1402 anima
952 1345 1186 1410 Mariae,
1230 1361 1373 1417 quae
1435 1343 1724 1416 benedicto
1787 1343 1985 1404 fructu

375 1440 594 1502 yentris
635 1442 723 1499 sui
765 1441 1020 1514 pascitur
1054 1442 1417 1500 dulcissime?
1444 1442 1604 1500 Unde
1632 1442 1836 1500 beatus
1865 1443 1983 1501 Au·

373 1540 643 1613 gustinus
673 1539 761 1614 (3)
802 1539 915 1598 ait:
970 1562 999 1592 e
1027 1540 1241 1598 Mariae
1292 1541 1482 1598 anima
1529 1540 1794 1600 claritate
1845 1541 1985 1599 frui-

376 1635 474 1695 tur
517 1636 732 1695 Christi
773 1637 831 1695 et
871 1638 1134 1710 gloriosis
1176 1639 1295 1696 eius
1330 1638 1721 1711 conspectibus
1756 1655 1986 1711 semper

376 1752 664 1809 praesenS,
714 1752 935 1808 semper
982 1736 1349 1810 conspicienS,
1393 1753 1613 1810 semper
1669 1736 1858 1795 videre
1916 1738 1988 1796 si·

377 1833 524 1893 tiens
564 1834 1057 1893 inaestimabiliter
1101 1835 1355 1907 pascitur
1382 1858 1439 1891 ».

536 1932 728 2006 Igitur
769 1932 916 1990 sicut
968 1933 1377 2006 gloriosissima
1408 1933 1498 2008 (4)
1554 1928 1750 1991 Maria
1787 1950 1987 1993 omnes

377 2030 613 2090 Sanctos
654 2031 892 2090 excessit
931 2032 989 2088 in
1031 2031 1223 2104 gratia
1262 2032 1386 2089 viae
1442 2033 1500 2089 et
1539 2033 1598 2089 in
1640 2032 1833 2105 gratia
1876 2051 1990 2092 me·

378 2130 636 2198 ritorum‚
677 2130 760 2188 ita
802 2146 993 2188 omnes
1034 2129 1262 2189 sanctos
1290 2129 1529 2187 excessit
1554 2131 1614 2188 in
1640 2130 1990 2204 gratia-glo-

377 2231 494 2287 riae
535 2229 593 2286 et
634 2229 691 2286 in
740 2227 931 2301 gratia
993 2228 1391 2301 praemiorum.
1433 2228 1593 2286 Unde
1654 2230 1781 2301 ipsa
1847 2229 1991 2288 bene

379 2327 609 2400 signata
649 2326 738 2384 est
780 2342 880 2399 per
934 2326 1145 2384 Esther
1202 2328 1455 2400 reginam
1487 2326 1599 2401 (5),
1640 2327 1706 2385 de
1756 2343 1870 2400 qua
1914 2329 1991 2386 le·

508 2613 554 2672 1)
588 2612 627 2659 1.
665 2611 784 2659 Tim.
822 2612 869 2669 6,
910 2612 984 2658 16.

503 2694 554 2753 2)
591 2693 739 2740 Serm.
773 2693 884 2739 208.
921 2692 1122 2752 append.
1158 2690 1243 2738 cit.
1280 2705 1329 2738 n.
1369 2691 1444 2738 11.

505 2775 554 2834 3)
589 2774 767 2821 Auctor
798 2773 885 2820 lib.
932 2772 988 2819 de
1027 2772 1239 2820 Assumt.
1275 2773 1331 2819 Β.
1367 2773 1432 2819 Μ.
1469 2773 1525 2819 V.
1569 2771 1684 2830 (int.
1716 2785 1862 2832 opera
1896 2774 1991 2822 Au·

381 2856 533 2914 gust.)
569 2867 611 2902 c.
647 2855 693 2901 6.

503 2935 554 2994 4)
591 2934 625 2982 C
654 2934 1042 2994 qratiosissima.
1420 2933 1470 2993 5)
1506 2932 1646 2980 Esth.
1681 2933 1731 2993 2,
1771 2933 1850 2982 16.
1888 2949 1992 2995 seq.
