<?xml version="1.0" encoding="UTF-8"?>
<!DOCTYPE html PUBLIC "-//W3C//DTD XHTML 1.0 Transitional//EN"
    "http://www.w3.org/TR/xhtml1/DTD/xhtml1-transitional.dtd">
<html xmlns="http://www.w3.org/1999/xhtml" xml:lang="en" lang="en">
 <head>
  <title>
</title>
<meta http-equiv="Content-Type" content="text/html;charset=utf-8" />
  <meta name='ocr-system' content='tesseract 3.04.00' />
  <meta name='ocr-capabilities' content='ocr_page ocr_carea ocr_par ocr_line ocrx_word'/>
</head>
<body>
  <div class='ocr_page' id='page_1' title='image "./speculumbeataem00brungoog_0208.png"; bbox 0 0 2237 3481; ppageno 0'>
   <div class='ocr_carea' id='block_1_1' title="bbox 98 2974 443 3223">
    <p class='ocr_par' dir='ltr' id='par_1_1' title="bbox 98 2974 443 3223">
     <span class='ocr_line' id='line_1_1' title="bbox 98 2974 319 3095; baseline 0.118 -106"><span class='ocrx_word' id='word_1_1' title='bbox 98 2974 319 3095; x_wconf 43' lang='grc' dir='ltr'><strong>Ἃῖ</strong></span> 
     </span>
     <span class='ocr_line' id='line_1_2' title="bbox 418 3206 443 3223; baseline 0 -2"><span class='ocrx_word' id='word_1_2' title='bbox 418 3206 443 3223; x_wconf 68' lang='lat'><strong>2⁸2</strong></span> 
     </span>
    </p>
   </div>
   <div class='ocr_carea' id='block_1_2' title="bbox 371 255 1460 319">
    <p class='ocr_par' dir='ltr' id='par_1_2' title="bbox 371 255 1460 319">
     <span class='ocr_line' id='line_1_3' title="bbox 371 255 1460 319; baseline 0.003 -6"><span class='ocrx_word' id='word_1_3' title='bbox 371 255 486 314; x_wconf 83' lang='lat'><strong>174</strong></span> <span class='ocrx_word' id='word_1_4' title='bbox 872 274 1163 316; x_wconf 73' lang='lat' dir='ltr'><strong>srucumm</strong></span> <span class='ocrx_word' id='word_1_5' title='bbox 1202 276 1255 316; x_wconf 86' lang='lat' dir='ltr'><strong>B.</strong></span> <span class='ocrx_word' id='word_1_6' title='bbox 1297 276 1359 316; x_wconf 77' lang='lat' dir='ltr'><strong>M.</strong></span> <span class='ocrx_word' id='word_1_7' title='bbox 1404 276 1460 319; x_wconf 84' lang='lat' dir='ltr'><strong>v.</strong></span> 
     </span>
    </p>
   </div>
   <div class='ocr_carea' id='block_1_3' title="bbox 360 463 2009 2707">
    <p class='ocr_par' dir='ltr' id='par_1_3' title="bbox 360 463 2009 2707">
     <span class='ocr_line' id='line_1_4' title="bbox 365 463 1969 541; baseline 0.002 -20"><span class='ocrx_word' id='word_1_8' title='bbox 365 463 459 522; x_wconf 88' lang='lat' dir='ltr'><strong>bet</strong></span> <span class='ocrx_word' id='word_1_9' title='bbox 515 464 667 533; x_wconf 83' lang='lat' dir='ltr'><strong>folia,</strong></span> <span class='ocrx_word' id='word_1_10' title='bbox 728 464 865 537; x_wconf 91' lang='lat' dir='ltr'><strong>quot</strong></span> <span class='ocrx_word' id='word_1_11' title='bbox 925 464 1061 522; x_wconf 91' lang='lat' dir='ltr'><strong>sunt</strong></span> <span class='ocrx_word' id='word_1_12' title='bbox 1123 463 1336 522; x_wconf 86' lang='lat' dir='ltr'><strong>Christi</strong></span> <span class='ocrx_word' id='word_1_13' title='bbox 1399 464 1712 523; x_wconf 85' lang='lat' dir='ltr'><strong>ministeria</strong></span> <span class='ocrx_word' id='word_1_14' title='bbox 1751 464 1841 541; x_wconf 91' lang='lat'><strong>(1)</strong></span> <span class='ocrx_word' id='word_1_15' title='bbox 1903 467 1969 524; x_wconf 86' lang='lat' dir='ltr'><strong>et</strong></span> 
     </span>
     <span class='ocr_line' id='line_1_5' title="bbox 361 562 1968 637; baseline 0 -15"><span class='ocrx_word' id='word_1_16' title='bbox 361 563 635 635; x_wconf 83' lang='lat' dir='ltr'><strong>exempla.</strong></span> <span class='ocrx_word' id='word_1_17' title='bbox 662 563 718 621; x_wconf 91' lang='lat' dir='ltr'><strong>Si</strong></span> <span class='ocrx_word' id='word_1_18' title='bbox 746 562 897 620; x_wconf 90' lang='lat' dir='ltr'><strong>hunc</strong></span> <span class='ocrx_word' id='word_1_19' title='bbox 923 562 1116 622; x_wconf 91' lang='lat' dir='ltr'><strong>florem</strong></span> <span class='ocrx_word' id='word_1_20' title='bbox 1158 563 1366 622; x_wconf 83' lang='lat' dir='ltr'><strong>habere</strong></span> <span class='ocrx_word' id='word_1_21' title='bbox 1394 563 1697 632; x_wconf 76' lang='lat' dir='ltr'><strong>desiderat-1,</strong></span> <span class='ocrx_word' id='word_1_22' title='bbox 1738 565 1968 637; x_wconf 85' lang='lat' dir='ltr'><strong>virgam</strong></span> 
     </span>
     <span class='ocr_line' id='line_1_6' title="bbox 364 661 1965 735; baseline 0 -15"><span class='ocrx_word' id='word_1_23' title='bbox 364 662 520 721; x_wconf 88' lang='lat' dir='ltr'><strong>floris</strong></span> <span class='ocrx_word' id='word_1_24' title='bbox 561 661 775 720; x_wconf 79' lang='lat' dir='ltr'><strong>flectas,</strong></span> <span class='ocrx_word' id='word_1_25' title='bbox 818 662 874 720; x_wconf 90' lang='lat' dir='ltr'><strong>Si</strong></span> <span class='ocrx_word' id='word_1_26' title='bbox 914 661 1019 720; x_wconf 92' lang='lat' dir='ltr'><strong>flos</strong></span> <span class='ocrx_word' id='word_1_27' title='bbox 1069 661 1159 719; x_wconf 89' lang='lat' dir='ltr'><strong>est</strong></span> <span class='ocrx_word' id='word_1_28' title='bbox 1211 663 1379 720; x_wconf 90' lang='lat' dir='ltr'><strong>nimis</strong></span> <span class='ocrx_word' id='word_1_29' title='bbox 1433 662 1589 720; x_wconf 88' lang='lat' dir='ltr'><strong>altus</strong></span> <span class='ocrx_word' id='word_1_30' title='bbox 1641 662 1965 735; x_wconf 86' lang='lat' dir='ltr'><strong>divinitate,</strong></span> 
     </span>
     <span class='ocr_line' id='line_1_7' title="bbox 363 760 1968 835; baseline -0.001 -15"><span class='ocrx_word' id='word_1_31' title='bbox 363 764 526 835; x_wconf 85' lang='lat' dir='ltr'><strong>virga</strong></span> <span class='ocrx_word' id='word_1_32' title='bbox 567 761 755 820; x_wconf 88' lang='lat' dir='ltr'><strong>tamen</strong></span> <span class='ocrx_word' id='word_1_33' title='bbox 801 760 891 819; x_wconf 90' lang='lat' dir='ltr'><strong>est</strong></span> <span class='ocrx_word' id='word_1_34' title='bbox 929 760 1190 819; x_wconf 81' lang='lat' dir='ltr'><strong>flexibilis</strong></span> <span class='ocrx_word' id='word_1_35' title='bbox 1232 761 1474 833; x_wconf 83' lang='lat' dir='ltr'><strong>pietate3</strong></span> <span class='ocrx_word' id='word_1_36' title='bbox 1514 760 1575 819; x_wconf 86' lang='lat' dir='ltr'><strong>et</strong></span> <span class='ocrx_word' id='word_1_37' title='bbox 1615 764 1663 819; x_wconf 90' lang='lat' dir='ltr'><strong>si</strong></span> <span class='ocrx_word' id='word_1_38' title='bbox 1717 761 1823 821; x_wconf 92' lang='lat' dir='ltr'><strong>flos</strong></span> <span class='ocrx_word' id='word_1_39' title='bbox 1871 763 1968 819; x_wconf 88' lang='lat' dir='ltr'><strong>est</strong></span> 
     </span>
     <span class='ocr_line' id='line_1_8' title="bbox 364 858 1969 932; baseline 0 -14"><span class='ocrx_word' id='word_1_40' title='bbox 364 860 710 928; x_wconf 74' lang='lat' dir='ltr'>rarissimae,</span> <span class='ocrx_word' id='word_1_41' title='bbox 752 860 885 932; x_wconf 88' lang='lat' dir='ltr'><strong>quia</strong></span> <span class='ocrx_word' id='word_1_42' title='bbox 926 860 985 917; x_wconf 89' lang='lat' dir='ltr'><strong>in</strong></span> <span class='ocrx_word' id='word_1_43' title='bbox 1026 860 1179 917; x_wconf 91' lang='lat' dir='ltr'><strong>caelo</strong></span> <span class='ocrx_word' id='word_1_44' title='bbox 1221 858 1278 916; x_wconf 87' lang='lat' dir='ltr'><strong>et</strong></span> <span class='ocrx_word' id='word_1_45' title='bbox 1327 860 1384 917; x_wconf 91' lang='lat' dir='ltr'><strong>in</strong></span> <span class='ocrx_word' id='word_1_46' title='bbox 1443 860 1599 918; x_wconf 89' lang='lat' dir='ltr'><strong>terra</strong></span> <span class='ocrx_word' id='word_1_47' title='bbox 1639 876 1749 919; x_wconf 90' lang='lat' dir='ltr'><strong>non</strong></span> <span class='ocrx_word' id='word_1_48' title='bbox 1803 861 1969 918; x_wconf 86' lang='lat' dir='ltr'><strong>inve-</strong></span> 
     </span>
     <span class='ocr_line' id='line_1_9' title="bbox 362 956 1969 1026; baseline 0.001 -11"><span class='ocrx_word' id='word_1_49' title='bbox 362 959 520 1015; x_wconf 90' lang='lat' dir='ltr'><strong>nitur</strong></span> <span class='ocrx_word' id='word_1_50' title='bbox 559 959 669 1016; x_wconf 89' lang='lat' dir='ltr'><strong>nisi</strong></span> <span class='ocrx_word' id='word_1_51' title='bbox 709 958 925 1026; x_wconf 90' lang='lat' dir='ltr'><strong>unicus,</strong></span> <span class='ocrx_word' id='word_1_52' title='bbox 955 957 1044 1016; x_wconf 88' lang='lat' dir='ltr'><strong>est</strong></span> <span class='ocrx_word' id='word_1_53' title='bbox 1083 956 1274 1015; x_wconf 88' lang='lat' dir='ltr'><strong>tamen</strong></span> <span class='ocrx_word' id='word_1_54' title='bbox 1315 959 1805 1017; x_wconf 88' lang='lat' dir='ltr'><strong>communissimus</strong></span> <span class='ocrx_word' id='word_1_55' title='bbox 1840 958 1969 1016; x_wconf 85' lang='lat' dir='ltr'><strong>tan-</strong></span> 
     </span>
     <span class='ocr_line' id='line_1_10' title="bbox 363 1055 1968 1129; baseline 0 -15"><span class='ocrx_word' id='word_1_56' title='bbox 363 1074 529 1129; x_wconf 86' lang='lat' dir='ltr'><strong>quam</strong></span> <span class='ocrx_word' id='word_1_57' title='bbox 573 1055 677 1115; x_wconf 89' lang='lat' dir='ltr'><strong>flos</strong></span> <span class='ocrx_word' id='word_1_58' title='bbox 717 1072 829 1115; x_wconf 88' lang='lat' dir='ltr'><strong>non</strong></span> <span class='ocrx_word' id='word_1_59' title='bbox 869 1057 927 1113; x_wconf 91' lang='lat' dir='ltr'><strong>in</strong></span> <span class='ocrx_word' id='word_1_60' title='bbox 970 1056 1136 1115; x_wconf 92' lang='lat' dir='ltr'><strong>horto</strong></span> <span class='ocrx_word' id='word_1_61' title='bbox 1197 1057 1441 1125; x_wconf 80' lang='lat' dir='ltr'><strong>clausuS‚</strong></span> <span class='ocrx_word' id='word_1_62' title='bbox 1494 1057 1589 1114; x_wconf 93' lang='lat' dir='ltr'><strong>sed</strong></span> <span class='ocrx_word' id='word_1_63' title='bbox 1644 1058 1700 1114; x_wconf 92' lang='lat' dir='ltr'><strong>in</strong></span> <span class='ocrx_word' id='word_1_64' title='bbox 1763 1073 1968 1129; x_wconf 86' lang='lat' dir='ltr'><strong>campo</strong></span> 
     </span>
     <span class='ocr_line' id='line_1_11' title="bbox 361 1154 1966 1227; baseline -0.001 -13"><span class='ocrx_word' id='word_1_65' title='bbox 361 1155 620 1214; x_wconf 89' lang='lat' dir='ltr'><strong>omnibus</strong></span> <span class='ocrx_word' id='word_1_66' title='bbox 660 1154 1090 1213; x_wconf 88' lang='lat' dir='ltr'><strong>transeuntibus</strong></span> <span class='ocrx_word' id='word_1_67' title='bbox 1151 1155 1457 1227; x_wconf 82' lang='lat' dir='ltr'><strong>expositus.</strong></span> <span class='ocrx_word' id='word_1_68' title='bbox 1501 1154 1579 1213; x_wconf 89' lang='lat' dir='ltr'><strong>Et</strong></span> <span class='ocrx_word' id='word_1_69' title='bbox 1637 1155 1759 1214; x_wconf 90' lang='lat' dir='ltr'><strong>ideo</strong></span> <span class='ocrx_word' id='word_1_70' title='bbox 1821 1155 1966 1214; x_wconf 90' lang='lat' dir='ltr'><strong>bene</strong></span> 
     </span>
     <span class='ocr_line' id='line_1_12' title="bbox 365 1252 1969 1325; baseline 0.001 -15"><span class='ocrx_word' id='word_1_71' title='bbox 365 1252 553 1325; x_wconf 90' lang='lat' dir='ltr'><strong>potest</strong></span> <span class='ocrx_word' id='word_1_72' title='bbox 593 1253 772 1311; x_wconf 85' lang='lat' dir='ltr'><strong>dicere</strong></span> <span class='ocrx_word' id='word_1_73' title='bbox 828 1252 1091 1311; x_wconf 85' lang='lat' dir='ltr'><strong>Christus</strong></span> <span class='ocrx_word' id='word_1_74' title='bbox 1152 1253 1292 1311; x_wconf 91' lang='lat' dir='ltr'><strong>illud</strong></span> <span class='ocrx_word' id='word_1_75' title='bbox 1349 1252 1705 1312; x_wconf 86' lang='lat' dir='ltr'><strong>Canticorum</strong></span> <span class='ocrx_word' id='word_1_76' title='bbox 1764 1269 1969 1312; x_wconf 62' lang='lat' dir='ltr'><strong>secun-&#39;-</strong></span> 
     </span>
     <span class='ocr_line' id='line_1_13' title="bbox 364 1350 1966 1426; baseline 0 -17"><span class='ocrx_word' id='word_1_77' title='bbox 364 1352 434 1410; x_wconf 82' lang='lat' dir='ltr'><strong>do</strong></span> <span class='ocrx_word' id='word_1_78' title='bbox 466 1350 588 1426; x_wconf 86' lang='lat'>(2):</span> <span class='ocrx_word' id='word_1_79' title='bbox 630 1352 766 1425; x_wconf 72' lang='lat' dir='ltr'><strong>Eyo</strong></span> <span class='ocrx_word' id='word_1_80' title='bbox 807 1352 917 1423; x_wconf 74' lang='lat' dir='ltr'><strong>flos</strong></span> <span class='ocrx_word' id='word_1_81' title='bbox 956 1351 1167 1424; x_wconf 80' lang='lat' dir='ltr'><strong>campi,</strong></span> <span class='ocrx_word' id='word_1_82' title='bbox 1209 1353 1305 1424; x_wconf 90' lang='lat' dir='ltr'><strong>qui</strong></span> <span class='ocrx_word' id='word_1_83' title='bbox 1347 1351 1490 1410; x_wconf 85' lang='lat' dir='ltr'><strong>bene</strong></span> <span class='ocrx_word' id='word_1_84' title='bbox 1510 1353 1621 1423; x_wconf 81' lang='lat' dir='ltr'><strong>flos</strong></span> <span class='ocrx_word' id='word_1_85' title='bbox 1660 1353 1855 1424; x_wconf 79' lang='lat' dir='ltr'><strong>campi</strong></span> <span class='ocrx_word' id='word_1_86' title='bbox 1882 1352 1966 1409; x_wconf 89' lang='lat' dir='ltr'><strong>di-</strong></span> 
     </span>
     <span class='ocr_line' id='line_1_14' title="bbox 362 1436 1968 1523; baseline 0 -15"><span class='ocrx_word' id='word_1_87' title='bbox 362 1450 510 1508; x_wconf 91' lang='lat' dir='ltr'><strong>citur</strong></span> <span class='ocrx_word' id='word_1_88' title='bbox 550 1467 660 1509; x_wconf 90' lang='lat' dir='ltr'><strong>non</strong></span> <span class='ocrx_word' id='word_1_89' title='bbox 704 1451 885 1509; x_wconf 90' lang='lat' dir='ltr'><strong>solum</strong></span> <span class='ocrx_word' id='word_1_90' title='bbox 928 1450 1161 1523; x_wconf 90' lang='lat' dir='ltr'><strong>propter</strong></span> <span class='ocrx_word' id='word_1_91' title='bbox 1201 1450 1323 1518; x_wconf 88' lang='lat' dir='ltr'><strong>hoc,</strong></span> <span class='ocrx_word' id='word_1_92' title='bbox 1365 1450 1510 1523; x_wconf 92' lang='lat' dir='ltr'><strong>quod</strong></span> <span class='ocrx_word' id='word_1_93' title='bbox 1552 1436 1810 1510; x_wconf 81' lang='lat' dir='ltr'><strong>omnibus</strong></span> <span class='ocrx_word' id='word_1_94' title='bbox 1860 1467 1968 1523; x_wconf 87' lang='lat' dir='ltr'><strong>pa-</strong></span> 
     </span>
     <span class='ocr_line' id='line_1_15' title="bbox 363 1547 2009 1621; baseline 0.001 -16"><span class='ocrx_word' id='word_1_95' title='bbox 363 1547 520 1606; x_wconf 90' lang='lat' dir='ltr'><strong>tulus</strong></span> <span class='ocrx_word' id='word_1_96' title='bbox 562 1548 879 1621; x_wconf 78' lang='lat' dir='ltr'><strong>exponitur,</strong></span> <span class='ocrx_word' id='word_1_97' title='bbox 910 1549 1006 1606; x_wconf 88' lang='lat' dir='ltr'><strong>sed</strong></span> <span class='ocrx_word' id='word_1_98' title='bbox 1045 1549 1216 1607; x_wconf 85' lang='lat' dir='ltr'><strong>etiam</strong></span> <span class='ocrx_word' id='word_1_99' title='bbox 1247 1549 1480 1620; x_wconf 86' lang='lat' dir='ltr'><strong>propter</strong></span> <span class='ocrx_word' id='word_1_100' title='bbox 1500 1547 1627 1619; x_wconf 91' lang='lat' dir='ltr'><strong>hoc,</strong></span> <span class='ocrx_word' id='word_1_101' title='bbox 1655 1549 1801 1621; x_wconf 91' lang='lat' dir='ltr'><strong>quod</strong></span> <span class='ocrx_word' id='word_1_102' title='bbox 1840 1550 1967 1607; x_wconf 88' lang='lat' dir='ltr'><strong>sine</strong></span> <span class='ocrx_word' id='word_1_103' title='bbox 2002 1570 2009 1578; x_wconf 95' lang='lat'><strong>·</strong></span> 
     </span>
     <span class='ocr_line' id='line_1_16' title="bbox 363 1645 1968 1720; baseline -0.001 -15"><span class='ocrx_word' id='word_1_104' title='bbox 363 1647 513 1705; x_wconf 90' lang='lat' dir='ltr'><strong>omni</strong></span> <span class='ocrx_word' id='word_1_105' title='bbox 552 1646 778 1704; x_wconf 84' lang='lat' dir='ltr'><strong>cultura</strong></span> <span class='ocrx_word' id='word_1_106' title='bbox 817 1645 1066 1704; x_wconf 89' lang='lat' dir='ltr'><strong>humana</strong></span> <span class='ocrx_word' id='word_1_107' title='bbox 1107 1646 1451 1720; x_wconf 80' lang='lat' dir='ltr'>producitur.</span> <span class='ocrx_word' id='word_1_108' title='bbox 1495 1646 1615 1705; x_wconf 92' lang='lat' dir='ltr'><strong>Hoc</strong></span> <span class='ocrx_word' id='word_1_109' title='bbox 1656 1646 1795 1704; x_wconf 89' lang='lat' dir='ltr'><strong>bene</strong></span> <span class='ocrx_word' id='word_1_110' title='bbox 1837 1646 1968 1704; x_wconf 86' lang='lat' dir='ltr'><strong>bea-</strong></span> 
     </span>
     <span class='ocr_line' id='line_1_17' title="bbox 364 1744 1966 1819; baseline 0.001 -17"><span class='ocrx_word' id='word_1_111' title='bbox 364 1745 458 1803; x_wconf 89' lang='lat' dir='ltr'><strong>tus</strong></span> <span class='ocrx_word' id='word_1_112' title='bbox 498 1745 822 1804; x_wconf 74' lang='lat' dir='ltr'><strong>Bel-nardus</strong></span> <span class='ocrx_word' id='word_1_113' title='bbox 852 1744 940 1819; x_wconf 87' lang='grc'><strong>(3)</strong></span> <span class='ocrx_word' id='word_1_114' title='bbox 984 1745 1225 1814; x_wconf 81' lang='lat' dir='ltr'><strong>notavit,</strong></span> <span class='ocrx_word' id='word_1_115' title='bbox 1267 1762 1391 1803; x_wconf 89' lang='lat' dir='ltr'><strong>cum</strong></span> <span class='ocrx_word' id='word_1_116' title='bbox 1430 1745 1601 1803; x_wconf 81' lang='lat' dir='ltr'><strong>dixit:</strong></span> <span class='ocrx_word' id='word_1_117' title='bbox 1655 1768 1685 1796; x_wconf 75' lang='grc' dir='ltr'><strong>α</strong></span> <span class='ocrx_word' id='word_1_118' title='bbox 1712 1745 1966 1817; x_wconf 87' lang='lat' dir='ltr'><strong>Campus</strong></span> 
     </span>
     <span class='ocr_line' id='line_1_18' title="bbox 364 1843 1969 1917; baseline 0.001 -16"><span class='ocrx_word' id='word_1_119' title='bbox 364 1847 483 1902; x_wconf 89' lang='lat' dir='ltr'><strong>sine</strong></span> <span class='ocrx_word' id='word_1_120' title='bbox 525 1846 675 1903; x_wconf 88' lang='lat' dir='ltr'><strong>omni</strong></span> <span class='ocrx_word' id='word_1_121' title='bbox 715 1843 961 1903; x_wconf 83' lang='lat' dir='ltr'><strong>humano</strong></span> <span class='ocrx_word' id='word_1_122' title='bbox 990 1843 1155 1902; x_wconf 87' lang='lat' dir='ltr'><strong>floret</strong></span> <span class='ocrx_word' id='word_1_123' title='bbox 1181 1843 1537 1917; x_wconf 80' lang='lat' dir='ltr'><strong>adminicuIO,</strong></span> <span class='ocrx_word' id='word_1_124' title='bbox 1569 1861 1680 1903; x_wconf 91' lang='lat' dir='ltr'><strong>non</strong></span> <span class='ocrx_word' id='word_1_125' title='bbox 1722 1845 1969 1902; x_wconf 87' lang='lat' dir='ltr'><strong>semina-</strong></span> 
     </span>
     <span class='ocr_line' id='line_1_19' title="bbox 362 1940 1967 2016; baseline 0 -16"><span class='ocrx_word' id='word_1_126' title='bbox 362 1942 458 2000; x_wconf 87' lang='lat' dir='ltr'><strong>tus</strong></span> <span class='ocrx_word' id='word_1_127' title='bbox 498 1943 570 2000; x_wconf 95' lang='lat' dir='ltr'><strong>ab</strong></span> <span class='ocrx_word' id='word_1_128' title='bbox 610 1943 817 2016; x_wconf 80' lang='lat' dir='ltr'><strong>aliquo,</strong></span> <span class='ocrx_word' id='word_1_129' title='bbox 859 1959 969 2000; x_wconf 90' lang='lat' dir='ltr'><strong>non</strong></span> <span class='ocrx_word' id='word_1_130' title='bbox 1012 1940 1266 2001; x_wconf 86' lang='lat' dir='ltr'><strong>defossus</strong></span> <span class='ocrx_word' id='word_1_131' title='bbox 1316 1943 1556 2011; x_wconf 86' lang='lat' dir='ltr'><strong>sarcu10,</strong></span> <span class='ocrx_word' id='word_1_132' title='bbox 1597 1957 1709 2002; x_wconf 88' lang='lat' dir='ltr'><strong>non</strong></span> <span class='ocrx_word' id='word_1_133' title='bbox 1752 1944 1967 2015; x_wconf 88' lang='lat' dir='ltr'><strong>impin-</strong></span> 
     </span>
     <span class='ocr_line' id='line_1_20' title="bbox 361 2041 1966 2115; baseline 0.001 -16"><span class='ocrx_word' id='word_1_134' title='bbox 361 2042 573 2115; x_wconf 81' lang='lat' dir='ltr'><strong>guatus</strong></span> <span class='ocrx_word' id='word_1_135' title='bbox 632 2042 782 2100; x_wconf 91' lang='lat' dir='ltr'><strong>fimo.</strong></span> <span class='ocrx_word' id='word_1_136' title='bbox 824 2042 912 2100; x_wconf 89' lang='lat' dir='ltr'><strong>Sic</strong></span> <span class='ocrx_word' id='word_1_137' title='bbox 954 2043 1196 2110; x_wconf 90' lang='lat' dir='ltr'><strong>omnino,</strong></span> <span class='ocrx_word' id='word_1_138' title='bbox 1239 2043 1319 2099; x_wconf 93' lang='lat' dir='ltr'><strong>sic</strong></span> <span class='ocrx_word' id='word_1_139' title='bbox 1357 2041 1612 2115; x_wconf 83' lang='lat' dir='ltr'><strong>Virginis</strong></span> <span class='ocrx_word' id='word_1_140' title='bbox 1658 2042 1825 2099; x_wconf 84' lang='lat' dir='ltr'><strong>alvus</strong></span> <span class='ocrx_word' id='word_1_141' title='bbox 1865 2041 1966 2101; x_wconf 82' lang='lat' dir='ltr'><strong>flo-</strong></span> 
     </span>
     <span class='ocr_line' id='line_1_21' title="bbox 362 2140 1967 2212; baseline -0.001 -13"><span class='ocrx_word' id='word_1_142' title='bbox 362 2140 497 2207; x_wconf 89' lang='lat' dir='ltr'><strong>ruit,</strong></span> <span class='ocrx_word' id='word_1_143' title='bbox 529 2141 606 2198; x_wconf 91' lang='lat' dir='ltr'><strong>sic</strong></span> <span class='ocrx_word' id='word_1_144' title='bbox 639 2140 912 2199; x_wconf 76' lang='lat' dir='ltr'><strong>inviolata</strong></span> <span class='ocrx_word' id='word_1_145' title='bbox 953 2140 1013 2197; x_wconf 89' lang='lat' dir='ltr'><strong>et</strong></span> <span class='ocrx_word' id='word_1_146' title='bbox 1049 2141 1276 2212; x_wconf 86' lang='lat' dir='ltr'><strong>integra</strong></span> <span class='ocrx_word' id='word_1_147' title='bbox 1316 2141 1474 2198; x_wconf 84' lang='lat' dir='ltr'><strong>casta</strong></span> <span class='ocrx_word' id='word_1_148' title='bbox 1500 2140 1712 2198; x_wconf 86' lang='lat' dir='ltr'><strong>Mariae</strong></span> <span class='ocrx_word' id='word_1_149' title='bbox 1741 2142 1967 2198; x_wconf 82' lang='lat' dir='ltr'><strong>viscera</strong></span> 
     </span>
     <span class='ocr_line' id='line_1_22' title="bbox 363 2238 1970 2311; baseline -0.001 -14"><span class='ocrx_word' id='word_1_150' title='bbox 363 2239 633 2311; x_wconf 83' lang='lat' dir='ltr'><strong>tanquam</strong></span> <span class='ocrx_word' id='word_1_151' title='bbox 698 2256 906 2311; x_wconf 86' lang='lat' dir='ltr'><strong>pascua</strong></span> <span class='ocrx_word' id='word_1_152' title='bbox 966 2238 1186 2297; x_wconf 83' lang='lat' dir='ltr'><strong>aeterni</strong></span> <span class='ocrx_word' id='word_1_153' title='bbox 1251 2240 1453 2296; x_wconf 87' lang='lat' dir='ltr'><strong>viroris</strong></span> <span class='ocrx_word' id='word_1_154' title='bbox 1514 2238 1704 2297; x_wconf 88' lang='lat' dir='ltr'><strong>florem</strong></span> <span class='ocrx_word' id='word_1_155' title='bbox 1771 2238 1970 2310; x_wconf 92' lang='lat' dir='ltr'><strong>protu-</strong></span> 
     </span>
     <span class='ocr_line' id='line_1_23' title="bbox 360 2337 1967 2410; baseline 0.001 -16"><span class='ocrx_word' id='word_1_156' title='bbox 360 2338 493 2407; x_wconf 82' lang='lat' dir='ltr'><strong>lere,</strong></span> <span class='ocrx_word' id='word_1_157' title='bbox 536 2339 695 2396; x_wconf 87' lang='lat' dir='ltr'><strong>cuius</strong></span> <span class='ocrx_word' id='word_1_158' title='bbox 737 2338 1097 2410; x_wconf 81' lang='lat' dir='ltr'><strong>pulchritudo</strong></span> <span class='ocrx_word' id='word_1_159' title='bbox 1141 2355 1251 2397; x_wconf 87' lang='lat' dir='ltr'><strong>non</strong></span> <span class='ocrx_word' id='word_1_160' title='bbox 1296 2337 1485 2396; x_wconf 87' lang='lat' dir='ltr'><strong>videat</strong></span> <span class='ocrx_word' id='word_1_161' title='bbox 1522 2337 1967 2409; x_wconf 81' lang='lat' dir='ltr'><strong>corruptionem,</strong></span> 
     </span>
     <span class='ocr_line' id='line_1_24' title="bbox 361 2435 1808 2509; baseline 0.002 -16"><span class='ocrx_word' id='word_1_162' title='bbox 361 2437 519 2494; x_wconf 90' lang='lat' dir='ltr'><strong>cuius</strong></span> <span class='ocrx_word' id='word_1_163' title='bbox 560 2436 742 2508; x_wconf 87' lang='lat' dir='ltr'><strong>gloria</strong></span> <span class='ocrx_word' id='word_1_164' title='bbox 782 2437 840 2493; x_wconf 88' lang='lat' dir='ltr'><strong>in</strong></span> <span class='ocrx_word' id='word_1_165' title='bbox 884 2437 1219 2509; x_wconf 89' lang='lat' dir='ltr'><strong>perpetuum</strong></span> <span class='ocrx_word' id='word_1_166' title='bbox 1260 2452 1371 2495; x_wconf 89' lang='lat' dir='ltr'><strong>non</strong></span> <span class='ocrx_word' id='word_1_167' title='bbox 1414 2435 1808 2496; x_wconf 81' lang='lat' dir='ltr'><strong>marcescat».</strong></span> 
     </span>
     <span class='ocr_line' id='line_1_25' title="bbox 523 2533 1966 2603; baseline 0.001 -12"><span class='ocrx_word' id='word_1_168' title='bbox 523 2533 736 2603; x_wconf 82' lang='lat' dir='ltr'><strong>Quarto</strong></span> <span class='ocrx_word' id='word_1_169' title='bbox 804 2535 1235 2603; x_wconf 59' lang='lat' dir='ltr'><strong>consideremus</strong></span> <span class='ocrx_word' id='word_1_170' title='bbox 1297 2535 1592 2603; x_wconf 86' lang='lat' dir='ltr'><strong>carissimi,</strong></span> <span class='ocrx_word' id='word_1_171' title='bbox 1653 2534 1714 2591; x_wconf 89' lang='lat' dir='ltr'><strong>in</strong></span> <span class='ocrx_word' id='word_1_172' title='bbox 1775 2534 1966 2592; x_wconf 84' lang='lat' dir='ltr'><strong>Maria</strong></span> 
     </span>
     <span class='ocr_line' id='line_1_26' title="bbox 362 2631 1964 2707; baseline 0 -17"><span class='ocrx_word' id='word_1_173' title='bbox 362 2632 553 2691; x_wconf 89' lang='lat' dir='ltr'><strong>florem</strong></span> <span class='ocrx_word' id='word_1_174' title='bbox 591 2633 887 2706; x_wconf 75' lang='lat' dir='ltr'><strong>yloriosae</strong></span> <span class='ocrx_word' id='word_1_175' title='bbox 912 2633 1415 2704; x_wconf 78' lang='lat' dir='ltr'><strong>immortalitatis;</strong></span> <span class='ocrx_word' id='word_1_176' title='bbox 1443 2633 1509 2691; x_wconf 93' lang='lat' dir='ltr'><strong>de</strong></span> <span class='ocrx_word' id='word_1_177' title='bbox 1534 2633 1639 2692; x_wconf 93' lang='lat' dir='ltr'><strong>hoc</strong></span> <span class='ocrx_word' id='word_1_178' title='bbox 1668 2631 1964 2707; x_wconf 86' lang='lat' dir='ltr'><strong>signatum</strong></span> 
     </span>
    </p>
   </div>
   <div class='ocr_carea' id='block_1_4' title="bbox 364 2777 678 2786">
    <p class='ocr_par' dir='ltr' id='par_1_4' title="bbox 364 2777 678 2786">
     <span class='ocr_line' id='line_1_27' title="bbox 364 2777 678 2786; baseline 0 0"><span class='ocrx_word' id='word_1_179' title='bbox 364 2777 678 2786; x_wconf 95' lang='lat' dir='ltr'><strong> </strong></span> 
     </span>
    </p>
   </div>
   <div class='ocr_carea' id='block_1_5' title="bbox 489 2863 1961 3003">
    <p class='ocr_par' dir='ltr' id='par_1_5' title="bbox 489 2863 1961 3003">
     <span class='ocr_line' id='line_1_28' title="bbox 491 2863 1961 2924; baseline 0.001 -15"><span class='ocrx_word' id='word_1_180' title='bbox 491 2864 534 2922; x_wconf 90' lang='lat'><strong>1)</strong></span> <span class='ocrx_word' id='word_1_181' title='bbox 572 2863 612 2909; x_wconf 81' lang='lat' dir='ltr'>A</span> <span class='ocrx_word' id='word_1_182' title='bbox 644 2864 901 2924; x_wconf 74' lang='lat' dir='ltr'><strong>mysteria.</strong></span> <span class='ocrx_word' id='word_1_183' title='bbox 1648 2863 1699 2923; x_wconf 79' lang='lat'><strong>2)</strong></span> <span class='ocrx_word' id='word_1_184' title='bbox 1736 2864 1872 2912; x_wconf 75' lang='lat' dir='ltr'><strong>Vers-</strong></span> <span class='ocrx_word' id='word_1_185' title='bbox 1914 2863 1961 2911; x_wconf 90' lang='lat'><strong>1.</strong></span> 
     </span>
     <span class='ocr_line' id='line_1_29' title="bbox 489 2943 1480 3003; baseline 0.003 -15"><span class='ocrx_word' id='word_1_186' title='bbox 489 2943 538 3003; x_wconf 86' lang='lat'><strong>3)</strong></span> <span class='ocrx_word' id='word_1_187' title='bbox 574 2943 721 2990; x_wconf 88' lang='lat' dir='ltr'><strong>Serm.</strong></span> <span class='ocrx_word' id='word_1_188' title='bbox 755 2943 802 2990; x_wconf 85' lang='lat'><strong>2.</strong></span> <span class='ocrx_word' id='word_1_189' title='bbox 838 2944 895 2990; x_wconf 89' lang='lat' dir='ltr'><strong>de</strong></span> <span class='ocrx_word' id='word_1_190' title='bbox 926 2943 1145 2990; x_wconf 82' lang='lat' dir='ltr'><strong>Adventu</strong></span> <span class='ocrx_word' id='word_1_191' title='bbox 1177 2944 1310 2992; x_wconf 90' lang='lat' dir='ltr'><strong>Dom.</strong></span> <span class='ocrx_word' id='word_1_192' title='bbox 1346 2958 1396 2991; x_wconf 89' lang='lat' dir='ltr'><strong>n.</strong></span> <span class='ocrx_word' id='word_1_193' title='bbox 1431 2943 1480 2991; x_wconf 83' lang='lat'><strong>4.</strong></span> 
     </span>
    </p>
   </div>
   <div class='ocr_carea' id='block_1_6' title="bbox 318 3096 566 3378">
    <p class='ocr_par' dir='ltr' id='par_1_6' title="bbox 318 3096 566 3378">
     <span class='ocr_line' id='line_1_30' title="bbox 318 3096 566 3378; baseline 0 103"><span class='ocrx_word' id='word_1_194' title='bbox 318 3096 566 3378; x_wconf 95' lang='lat' dir='ltr'><strong> </strong></span> 
     </span>
    </p>
   </div>
  </div>
 </body>
</html>
