2237 3481
874 273 1072 316 Luc'no
1114 274 1194 317 Π.
1756 257 1832 315 47

393 460 643 519 Secundo
671 460 815 529 vide,
845 461 1151 531 carissime,
1181 462 1330 535 quod
1358 463 1540 520 Maria
1568 462 1837 532 affectuo-

227 559 471 616 sissima
511 557 621 616 fuit
659 574 767 629 per
807 559 1132 616 caritatem.
1175 560 1313 633 Ipsa
1342 562 1486 618 enim
1519 561 1607 618 est
1633 562 1834 629 Maria,

227 657 298 715 de
367 672 481 728 qua
548 656 756 714 dicitur
794 655 1005 715 *Lucae
1062 659 1257 730 primo
1297 658 1417 733 (l):
1488 659 1836 732 Exsurqens

229 756 427 812 autem
466 754 700 827 Maria,
744 755 894 812 abiit
933 755 998 813 in
1060 759 1344 814 montana
1403 774 1533 816 cum
1592 755 1837 827 festina-

231 853 389 911 tione
428 853 535 913 eto.
578 851 771 926 Abiit,
817 855 1067 926 inquam,
1109 856 1177 913 ut
1230 856 1515 928 visitaret,
1559 857 1625 913 ut
1672 857 1836 914 salw-

231 952 407 1023 taret‚
450 950 515 1008 ut
568 951 938 1009 ministraret
989 952 1303 1012 Elisabeth.
1348 953 1506 1022 Vide,
1563 954 1835 1026 quomodo

229 1050 334 1107 illa
377 1049 631 1108 visiizatio
674 1050 886 1108 Mariae
941 1051 1109 1123 plena
1164 1052 1275 1109 fuit
1327 1053 1598 1124 caritate3
1642 1054 1700 1110 in
1741 1053 1837 1111 de-

230 1148 539 1221 scriptione
581 1151 726 1207 enim
773 1150 928 1207 illius
990 1150 1336 1208 visitationis
1397 1150 1580 1208 Maria
1633 1151 1836 1224 quater

230 1248 582 1316 nominatur,
625 1249 683 1304 in
725 1265 835 1320 quo
876 1248 1087 1306 caritas
1128 1251 1342 1307 Mariae
1370 1250 1441 1307 ad
1470 1249 1648 1308 Deum
1678 1250 1736 1308 et
1764 1250 1835 1308 ad

227 1346 549 1418 proximum
594 1346 819 1419 plenius
859 1346 1199 1405 declarassur.
1230 1347 1455 1405 Caritas
1484 1350 1721 1421 proximi
1750 1349 1838 1406 de·

226 1445 325 1502 bet
380 1443 577 1502 haberi
632 1444 691 1502 ei·
745 1444 950 1503 foveri:
1007 1444 1196 1519 corde,
1248 1464 1367 1519 ore,
1409 1463 1614 1519 opere»,-
1652 1448 1835 1506 Maria

226 1543 422 1602 autem
486 1543 783 1601 caritatem
846 1544 1084 1617 proximi
1140 1544 1390 1602 habebat
1428 1547 1493 1602 in
1534 1545 1738 1616 cordex
1778 1546 1836 1604 et

226 1641 466 1714 propter
507 1642 613 1701 hoc
651 1657 966 1716 exsuryens
1006 1643 1220 1700 Maria
1261 1643 1411 1701 abiit
1447 1645 1512 1702 in
1547 1648 1835 1703 montana

223 1756 362 1798 cum
400 1737 788 1810 festinatione.
832 1739 975 1810 Quid
1015 1744 1162 1799 enim
1205 1759 1326 1800 eam
1370 1742 1441 1799 ad
1469 1742 1713 1802 officium
1742 1760 1837 1801 ca-

225 1837 427 1896 ritatis
455 1837 724 1896 festinare
751 1839 1004 1912 cogebat,
1031 1841 1142 1897 nisi
1162 1840 1391 1909 caritas»,
1415 1857 1557 1913 quae
1585 1842 1643 1898 in
1672 1842 1835 1900 corde

227 1937 355 1995 eius
398 1936 696 1994 fervebat?
734 1937 1001 2010 Legimus
1026 1937 1137 2012 (2),
1179 1938 1326 2011 quod
1384 1938 1642 2011 pastores
1681 1956 1837 1997 vene·

225 2037 378 2092 runt
413 2032 759 2104 festinantes
797 2035 869 2093 ad
911 2037 1285 2108 praesepium,
1328 2037 1385 2094 et
1434 2037 1581 2109 quod
1621 2038 1835 2095 Maria

224 2133 383 2191 abiit
423 2148 555 2189 cum
594 2130 965 2202 festinatione
1028 2133 1099 2191 ad
1162 2134 1507 2207 obsequium,
1570 2136 1628 2193 et
1687 2135 1835 2208 quod

223 2230 536 2289 Zachaeus
561 2228 848 2300 festinans
877 2231 1166 2290 descendit
1192 2232 1263 2289 ad
1291 2216 1691 2306 hospitandum
1723 2233 1837 2293 Do-

223 2329 466 2386 minum.
508 2328 626 2386 Vae
669 2345 802 2401 ergo
848 2329 1028 2387 tardis
1070 2327 1143 2387 ad
1199 2346 1368 2403 opera
1421 2330 1712 2389 caritatis!
1757 2365 1836 2372 --

223 2427 398 2493 Item,
443 2427 628 2484 Maria
666 2427 962 2485 caritatem
1005 2429 1244 2501 proximi
1286 2445 1386 2486 ore
1418 2427 1667 2499 fovebat.
1695 2430 1835 2503 Ipsa

222 2526 376 2583 enim
421 2524 529 2594 est,
571 2525 637 2583 de
678 2542 793 2598 qua
842 2525 1046 2585 ibidem
1071 2526 1161 2601 (3)
1205 2527 1440 2585 dicissur:
1484 2528 1572 2586 Et
1609 2513 1835 2597 factum

357 2773 404 2834 1)
442 2773 577 2819 Vers.
615 2773 692 2821 39.

351 2853 403 2914 2)
441 2853 553 2901 Luc.
586 2854 635 2913 2,
676 2855 749 2901 16.
785 2856 835 2902 et
866 2853 974 2902 dein
1007 2868 1049 2902 c.
1088 2855 1165 2914 19,
1200 2856 1247 2903 6.

354 2934 404 2994 3)
442 2933 556 2994 Cap.
597 2935 641 2994 1,
675 2934 755 2982 41.
