2237 3481
426 268 504 326 38
936 286 1226 328 SPECULUM
1268 287 1319 328 B.
1361 287 1422 330 M.
1466 287 1522 330 v.

426 477 595 533 etiam
638 476 822 535 totum
862 477 1124 535 illustrat
1165 477 1477 535 mundum?
1516 477 1617 536 Ait
1645 479 1791 535 enim
1821 477 2024 536 beatus

426 575 751 632 Bernardus
774 573 895 649 (1):
950 597 979 626 ‹<
1000 575 1213 633 Mariae
1242 575 1564 651 praesentia
1591 575 1749 634 totus
1775 576 2025 634 illustra-

427 672 522 729 tur
564 672 732 742 orbiS,
776 673 833 729 et
874 674 998 745 ipsa
1040 674 1148 730 iam
1189 673 1447 731 caelestis
1476 673 1665 746 patria
1692 675 1901 732 clarius
1930 692 2026 732 ru-

426 771 561 828 tilat
601 773 886 844 virgineae
936 772 1217 844 lampadis
1269 773 1546 831 irradiata
1601 772 1818 847 fulgore
1846 797 1905 830 ».
1945 806 2026 816 -

425 870 514 927 Sic
555 887 688 942 ergo
730 870 904 939 vide8‚
945 870 1218 943 quomodo
1273 870 1648 928 illuminatrix
1690 888 1791 944 per
1836 872 2026 930 vitam

429 985 589 1025 suam
630 968 1051 1038 lucidissimam,
1094 968 1365 1042 quomodo
1393 969 1767 1027 illuminatrix
1795 986 1896 1042 per
1921 971 2027 1027 nu·-

423 1066 804 1125 sericordiam
859 1067 1017 1123 suam
1072 1066 1601 1139 splendidissimam,
1645 1067 1917 1141 quomodo
1958 1069 2030 1126 il-

423 1163 758 1221 luminatrix
799 1181 901 1236 per
937 1163 1197 1238 yloriam
1240 1181 1399 1223 suam
1443 1164 1883 1238 fulgidissimam
1938 1166 2026 1224 est

424 1262 626 1319 Maria.

586 1359 727 1418 Post
788 1360 1076 1433 praedicta
1138 1361 1325 1420 omnia
1388 1361 1853 1420 considerandum
1917 1361 2024 1431 est,

425 1458 571 1531 quod
631 1459 812 1516 Maria
873 1459 1287 1531 interpretatur
1328 1459 1585 1517 domina.
1626 1460 1747 1519 Hoc
1808 1477 2028 1534 quoque

425 1557 634 1629 optime
676 1558 945 1630 competit
986 1558 1182 1616 tantae
1223 1557 1589 1630 imperatrici,
1630 1576 1772 1632 quae
1802 1576 1862 1617 re
1890 1575 2029 1618 vera

427 1656 516 1714 est
545 1656 768 1715 domina
787 1657 1137 1729 caelestium,
1162 1658 1524 1715 terrestrium
1545 1658 1603 1716 et
1623 1655 2031 1729 infernorum;

426 1755 668 1825 domina,
712 1758 961 1830 inquam,
1006 1755 1371 1830 anyelorum,
1423 1756 1648 1815 domina
1704 1758 2029 1832 hominum,

424 1854 648 1912 domina
690 1853 1051 1927 daemonum,
1094 1854 1319 1912 domina
1372 1854 1566 1928 utique
1607 1855 1673 1913 in
1715 1855 1893 1929 caele,
1937 1856 2032 1914 do·

425 1954 578 2010 mina
617 1954 684 2009 in
723 1953 962 2026 munde,
1004 1953 1229 2011 domina
1272 1954 1337 2011 in
1376 1952 1624 2023 inferno.

585 2050 775 2109 Primo
817 2051 1125 2120 considera,
1167 2052 1471 2121 carissime,
1514 2052 1662 2125 quod
1715 2052 1899 2110 Maria
1940 2053 2034 2110 est

425 2150 650 2207 domina
691 2150 1068 2223 anyelorum,·
1109 2151 1236 2223 ipsa
1276 2151 1422 2208 enim
1477 2150 1799 2223 significata
1840 2150 1930 2209 est
1970 2153 2032 2209 in

425 2248 651 2306 domina
691 2247 900 2305 Esther
941 2249 1155 2321 regina,
1197 2248 1263 2306 de
1319 2265 1431 2321 qua
1484 2249 1696 2322 legitur
1727 2249 1836 2324 (2),
1882 2249 2034 2321 quod

425 2361 601 2417 super
643 2363 826 2403 umam
866 2345 1137 2404 famulam
1175 2364 1334 2404 suam
1364 2347 1620 2406 deliciose
1646 2347 2035 2421 innitebatur,

426 2443 619 2501 altera
663 2447 854 2502 autem
895 2442 1263 2514 famularum
1316 2446 1666 2517 sequebatur
1707 2445 2033 2520 dominam,

391 2558 394 2561 ·
428 2540 738 2612 defluentia
778 2544 841 2599 in
884 2543 1125 2600 humum
1166 2545 1501 2602 vestimenta
1536 2546 1889 2603 sustentans,
1919 2544 2037 2604 Per

427 2639 710 2697 dominam
750 2640 961 2699 Esther
1003 2643 1275 2715 reginam,
1318 2642 1572 2717 intellige
1601 2643 1883 2702 dominam
1914 2644 2037 2702 Ma-

555 2870 599 2929 1)
635 2869 784 2916 Serm.
825 2870 867 2916 1.
903 2869 954 2917 in
987 2870 1197 2918 Assumt.
1234 2873 1289 2919 B.
1326 2871 1391 2919 M.
1427 2871 1485 2918 V.
1521 2886 1571 2919 n.
1611 2872 1654 2919 1.

550 2950 601 3009 2)
635 2950 778 2997 Esth.
818 2951 893 3009 15,
929 2952 974 2999 6.
1010 2964 1108 3009 seq.
