<?xml version="1.0" encoding="UTF-8"?>
<!DOCTYPE html PUBLIC "-//W3C//DTD XHTML 1.0 Transitional//EN"
    "http://www.w3.org/TR/xhtml1/DTD/xhtml1-transitional.dtd">
<html xmlns="http://www.w3.org/1999/xhtml" xml:lang="en" lang="en">
 <head>
  <title>
</title>
<meta http-equiv="Content-Type" content="text/html;charset=utf-8" />
  <meta name='ocr-system' content='tesseract 3.04.00' />
  <meta name='ocr-capabilities' content='ocr_page ocr_carea ocr_par ocr_line ocrx_word'/>
</head>
<body>
  <div class='ocr_page' id='page_1' title='image "./speculumbeataem00brungoog_0056.png"; bbox 0 0 2237 3481; ppageno 0'>
   <div class='ocr_carea' id='block_1_1' title="bbox 110 2875 325 2990">
    <p class='ocr_par' dir='ltr' id='par_1_1' title="bbox 106 2875 325 2990">
     <span class='ocr_line' id='line_1_1' title="bbox 110 2875 325 2990; baseline 0 -94"><span class='ocrx_word' id='word_1_1' title='bbox 110 2875 325 2990; x_wconf 37' lang='lat' dir='ltr'>w</span> 
     </span>
    </p>
   </div>
   <div class='ocr_carea' id='block_1_2' title="bbox 412 266 1506 329">
    <p class='ocr_par' dir='ltr' id='par_1_2' title="bbox 412 266 1506 329">
     <span class='ocr_line' id='line_1_2' title="bbox 412 266 1506 329; baseline 0.001 -3"><span class='ocrx_word' id='word_1_2' title='bbox 412 266 487 327; x_wconf 86' lang='lat'><strong>22</strong></span> <span class='ocrx_word' id='word_1_3' title='bbox 542 288 546 292; x_wconf 48' lang='lat'>*</span> <span class='ocrx_word' id='word_1_4' title='bbox 921 283 1211 328; x_wconf 75' lang='lat' dir='ltr'>SPECULUM</span> <span class='ocrx_word' id='word_1_5' title='bbox 1252 283 1304 326; x_wconf 84' lang='lat' dir='ltr'><strong>B.</strong></span> <span class='ocrx_word' id='word_1_6' title='bbox 1345 286 1410 327; x_wconf 74' lang='lat' dir='ltr'><strong>n.</strong></span> <span class='ocrx_word' id='word_1_7' title='bbox 1450 283 1506 329; x_wconf 82' lang='lat' dir='ltr'><strong>v.</strong></span> 
     </span>
    </p>
   </div>
   <div class='ocr_carea' id='block_1_3' title="bbox 399 478 2012 1733">
    <p class='ocr_par' dir='ltr' id='par_1_3' title="bbox 399 478 2012 1733">
     <span class='ocr_line' id='line_1_3' title="bbox 567 478 2008 554; baseline -0.001 -16"><span class='ocrx_word' id='word_1_8' title='bbox 567 479 735 549; x_wconf 85' lang='lat' dir='ltr'><strong>Item,</strong></span> <span class='ocrx_word' id='word_1_9' title='bbox 779 496 880 538; x_wconf 84' lang='lat' dir='ltr'><strong>vae</strong></span> <span class='ocrx_word' id='word_1_10' title='bbox 920 478 1209 554; x_wconf 88' lang='lat' dir='ltr'><strong>gehennae</strong></span> <span class='ocrx_word' id='word_1_11' title='bbox 1250 479 1511 538; x_wconf 74' lang='lat' dir='ltr'><strong>consistit</strong></span> <span class='ocrx_word' id='word_1_12' title='bbox 1550 496 1662 538; x_wconf 89' lang='lat' dir='ltr'><strong>non</strong></span> <span class='ocrx_word' id='word_1_13' title='bbox 1713 481 1894 538; x_wconf 89' lang='lat' dir='ltr'><strong>solum</strong></span> <span class='ocrx_word' id='word_1_14' title='bbox 1950 481 2008 537; x_wconf 89' lang='lat' dir='ltr'><strong>in</strong></span> 
     </span>
     <span class='ocr_line' id='line_1_4' title="bbox 408 577 2009 652; baseline -0.001 -16"><span class='ocrx_word' id='word_1_15' title='bbox 408 595 715 650; x_wconf 89' lang='lat' dir='ltr'><strong>poenarum</strong></span> <span class='ocrx_word' id='word_1_16' title='bbox 755 578 1163 652; x_wconf 89' lang='lat' dir='ltr'><strong>magnitudine,</strong></span> <span class='ocrx_word' id='word_1_17' title='bbox 1207 577 1302 635; x_wconf 91' lang='lat' dir='ltr'><strong>sed</strong></span> <span class='ocrx_word' id='word_1_18' title='bbox 1358 577 1526 636; x_wconf 88' lang='lat' dir='ltr'><strong>etiam</strong></span> <span class='ocrx_word' id='word_1_19' title='bbox 1576 579 1635 635; x_wconf 91' lang='lat' dir='ltr'><strong>in</strong></span> <span class='ocrx_word' id='word_1_20' title='bbox 1678 593 2009 650; x_wconf 76' lang='lat' dir='ltr'><strong>poenarum</strong></span> 
     </span>
     <span class='ocr_line' id='line_1_5' title="bbox 406 674 2012 751; baseline 0 -18"><span class='ocrx_word' id='word_1_21' title='bbox 406 676 821 747; x_wconf 76' lang='lat' dir='ltr'><strong>multitudinc3</strong></span> <span class='ocrx_word' id='word_1_22' title='bbox 859 676 1006 734; x_wconf 90' lang='lat' dir='ltr'><strong>unde</strong></span> <span class='ocrx_word' id='word_1_23' title='bbox 1054 676 1239 735; x_wconf 81' lang='lat' dir='ltr'><strong>Isaiae</strong></span> <span class='ocrx_word' id='word_1_24' title='bbox 1268 676 1438 734; x_wconf 89' lang='lat' dir='ltr'><strong>tertio</strong></span> <span class='ocrx_word' id='word_1_25' title='bbox 1468 674 1556 751; x_wconf 90' lang='lat'><strong>(1)</strong></span> <span class='ocrx_word' id='word_1_26' title='bbox 1613 676 1848 734; x_wconf 87' lang='lat' dir='ltr'><strong>dicitur:</strong></span> <span class='ocrx_word' id='word_1_27' title='bbox 1891 676 2012 735; x_wconf 81' lang='lat' dir='ltr'><strong>Vae</strong></span> 
     </span>
     <span class='ocr_line' id='line_1_6' title="bbox 408 774 2011 846; baseline 0 -14"><span class='ocrx_word' id='word_1_28' title='bbox 408 776 640 833; x_wconf 76' lang='lat' dir='ltr'><strong>animae</strong></span> <span class='ocrx_word' id='word_1_29' title='bbox 680 790 897 843; x_wconf 76' lang='lat' dir='ltr'><strong>eorum,</strong></span> <span class='ocrx_word' id='word_1_30' title='bbox 941 775 1084 846; x_wconf 78' lang='lat' dir='ltr'><strong>quia</strong></span> <span class='ocrx_word' id='word_1_31' title='bbox 1110 774 1342 833; x_wconf 74' lang='lat' dir='ltr'><strong>reddita</strong></span> <span class='ocrx_word' id='word_1_32' title='bbox 1368 777 1508 832; x_wconf 79' lang='lat' dir='ltr'><strong>sunt</strong></span> <span class='ocrx_word' id='word_1_33' title='bbox 1537 775 1621 832; x_wconf 81' lang='lat' dir='ltr'><strong>eis</strong></span> <span class='ocrx_word' id='word_1_34' title='bbox 1660 774 1841 832; x_wconf 84' lang='lat' dir='ltr'><strong>mala.</strong></span> <span class='ocrx_word' id='word_1_35' title='bbox 1872 774 2011 832; x_wconf 92' lang='lat' dir='ltr'><strong>Plu-</strong></span> 
     </span>
     <span class='ocr_line' id='line_1_7' title="bbox 405 872 2009 946; baseline -0.001 -16"><span class='ocrx_word' id='word_1_36' title='bbox 405 874 605 931; x_wconf 90' lang='lat' dir='ltr'><strong>raliter</strong></span> <span class='ocrx_word' id='word_1_37' title='bbox 632 873 768 931; x_wconf 89' lang='lat' dir='ltr'><strong>dicit</strong></span> <span class='ocrx_word' id='word_1_38' title='bbox 794 873 976 944; x_wconf 85' lang='lat' dir='ltr'><strong>mala,</strong></span> <span class='ocrx_word' id='word_1_39' title='bbox 1005 873 1138 946; x_wconf 90' lang='lat' dir='ltr'><strong>quia</strong></span> <span class='ocrx_word' id='word_1_40' title='bbox 1168 872 1351 945; x_wconf 88' lang='lat' dir='ltr'><strong>plura,</strong></span> <span class='ocrx_word' id='word_1_41' title='bbox 1382 873 1552 931; x_wconf 91' lang='lat' dir='ltr'><strong>immo</strong></span> <span class='ocrx_word' id='word_1_42' title='bbox 1580 873 1827 945; x_wconf 87' lang='lat' dir='ltr'><strong>plurima</strong></span> <span class='ocrx_word' id='word_1_43' title='bbox 1855 872 2009 929; x_wconf 87' lang='lat' dir='ltr'><strong>mala</strong></span> 
     </span>
     <span class='ocr_line' id='line_1_8' title="bbox 406 969 2008 1045; baseline -0.002 -15"><span class='ocrx_word' id='word_1_44' title='bbox 406 974 573 1030; x_wconf 89' lang='lat' dir='ltr'><strong>malis</strong></span> <span class='ocrx_word' id='word_1_45' title='bbox 626 972 939 1030; x_wconf 89' lang='lat' dir='ltr'><strong>redduntur</strong></span> <span class='ocrx_word' id='word_1_46' title='bbox 981 973 1038 1029; x_wconf 95' lang='lat' dir='ltr'><strong>in</strong></span> <span class='ocrx_word' id='word_1_47' title='bbox 1079 971 1357 1045; x_wconf 76' lang='lat' dir='ltr'>gehenna.</span> <span class='ocrx_word' id='word_1_48' title='bbox 1400 970 1446 1029; x_wconf 93' lang='grc' dir='ltr'>Ο</span> <span class='ocrx_word' id='word_1_49' title='bbox 1487 988 1656 1044; x_wconf 89' lang='lat' dir='ltr'><strong>quam</strong></span> <span class='ocrx_word' id='word_1_50' title='bbox 1711 971 1879 1043; x_wconf 89' lang='lat' dir='ltr'><strong>longe</strong></span> <span class='ocrx_word' id='word_1_51' title='bbox 1933 969 2008 1027; x_wconf 91' lang='lat' dir='ltr'><strong>ab</strong></span> 
     </span>
     <span class='ocr_line' id='line_1_9' title="bbox 403 1068 2009 1130; baseline -0.002 -2"><span class='ocrx_word' id='word_1_52' title='bbox 403 1071 513 1130; x_wconf 90' lang='lat' dir='ltr'><strong>isto</strong></span> <span class='ocrx_word' id='word_1_53' title='bbox 555 1088 658 1129; x_wconf 86' lang='lat' dir='ltr'><strong>vae</strong></span> <span class='ocrx_word' id='word_1_54' title='bbox 697 1070 1084 1129; x_wconf 76' lang='lat' dir='ltr'><strong>multitudinis</strong></span> <span class='ocrx_word' id='word_1_55' title='bbox 1127 1069 1536 1130; x_wconf 73' lang='lat' dir='ltr'><strong>tormentorum</strong></span> <span class='ocrx_word' id='word_1_56' title='bbox 1581 1068 1691 1127; x_wconf 85' lang='lat' dir='ltr'><strong>fuit</strong></span> <span class='ocrx_word' id='word_1_57' title='bbox 1722 1069 1781 1126; x_wconf 90' lang='lat' dir='ltr'><strong>in</strong></span> <span class='ocrx_word' id='word_1_58' title='bbox 1824 1069 2009 1126; x_wconf 86' lang='lat' dir='ltr'><strong>Maria</strong></span> 
     </span>
     <span class='ocr_line' id='line_1_10' title="bbox 403 1166 2009 1241; baseline -0.001 -15"><span class='ocrx_word' id='word_1_59' title='bbox 403 1169 710 1228; x_wconf 89' lang='lat' dir='ltr'><strong>multitudo</strong></span> <span class='ocrx_word' id='word_1_60' title='bbox 753 1170 1079 1227; x_wconf 90' lang='lat' dir='ltr'><strong>meritorum</strong></span> <span class='ocrx_word' id='word_1_61' title='bbox 1124 1168 1182 1227; x_wconf 88' lang='lat' dir='ltr'><strong>et</strong></span> <span class='ocrx_word' id='word_1_62' title='bbox 1221 1169 1619 1241; x_wconf 89' lang='lat' dir='ltr'><strong>praemiorum,</strong></span> <span class='ocrx_word' id='word_1_63' title='bbox 1673 1167 1761 1225; x_wconf 91' lang='lat' dir='ltr'><strong>cui</strong></span> <span class='ocrx_word' id='word_1_64' title='bbox 1808 1166 2009 1226; x_wconf 88' lang='lat' dir='ltr'><strong>contra</strong></span> 
     </span>
     <span class='ocr_line' id='line_1_11' title="bbox 404 1264 2008 1325; baseline -0.001 -1"><span class='ocrx_word' id='word_1_65' title='bbox 404 1267 586 1325; x_wconf 89' lang='lat' dir='ltr'><strong>multa</strong></span> <span class='ocrx_word' id='word_1_66' title='bbox 627 1267 1017 1325; x_wconf 89' lang='lat' dir='ltr'><strong>damnatorum</strong></span> <span class='ocrx_word' id='word_1_67' title='bbox 1065 1267 1215 1325; x_wconf 89' lang='lat' dir='ltr'><strong>mala</strong></span> <span class='ocrx_word' id='word_1_68' title='bbox 1276 1268 1334 1324; x_wconf 91' lang='lat' dir='ltr'><strong>in</strong></span> <span class='ocrx_word' id='word_1_69' title='bbox 1397 1266 1616 1325; x_wconf 88' lang='lat' dir='ltr'><strong>inferno</strong></span> <span class='ocrx_word' id='word_1_70' title='bbox 1677 1267 1789 1322; x_wconf 90' lang='lat' dir='ltr'><strong>iam</strong></span> <span class='ocrx_word' id='word_1_71' title='bbox 1852 1264 2008 1323; x_wconf 90' lang='lat' dir='ltr'><strong>Deus</strong></span> 
     </span>
     <span class='ocr_line' id='line_1_12' title="bbox 403 1363 2009 1438; baseline -0.002 -15"><span class='ocrx_word' id='word_1_72' title='bbox 403 1366 848 1438; x_wconf 84' lang='lat' dir='ltr'><strong>praeparaverat</strong></span> <span class='ocrx_word' id='word_1_73' title='bbox 888 1366 1071 1422; x_wconf 91' lang='lat' dir='ltr'><strong>multa</strong></span> <span class='ocrx_word' id='word_1_74' title='bbox 1113 1366 1260 1424; x_wconf 90' lang='lat' dir='ltr'><strong>bona</strong></span> <span class='ocrx_word' id='word_1_75' title='bbox 1302 1366 1359 1422; x_wconf 92' lang='lat' dir='ltr'><strong>in</strong></span> <span class='ocrx_word' id='word_1_76' title='bbox 1387 1365 1558 1434; x_wconf 83' lang='lat' dir='ltr'><strong>caele,</strong></span> <span class='ocrx_word' id='word_1_77' title='bbox 1599 1363 1683 1422; x_wconf 84' lang='lat' dir='ltr'><strong>ita</strong></span> <span class='ocrx_word' id='word_1_78' title='bbox 1710 1363 1778 1421; x_wconf 89' lang='lat' dir='ltr'><strong>ut</strong></span> <span class='ocrx_word' id='word_1_79' title='bbox 1809 1364 2009 1421; x_wconf 89' lang='lat' dir='ltr'><strong>nullus</strong></span> 
     </span>
     <span class='ocr_line' id='line_1_13' title="bbox 402 1461 2007 1537; baseline 0 -17"><span class='ocrx_word' id='word_1_80' title='bbox 402 1463 658 1537; x_wconf 83' lang='lat' dir='ltr'><strong>angeluS‚</strong></span> <span class='ocrx_word' id='word_1_81' title='bbox 704 1464 1005 1537; x_wconf 89' lang='lat' dir='ltr'><strong>nullusque</strong></span> <span class='ocrx_word' id='word_1_82' title='bbox 1062 1463 1294 1521; x_wconf 92' lang='lat' dir='ltr'><strong>sanctus</strong></span> <span class='ocrx_word' id='word_1_83' title='bbox 1350 1464 1399 1520; x_wconf 90' lang='lat' dir='ltr'><strong>ei</strong></span> <span class='ocrx_word' id='word_1_84' title='bbox 1441 1462 1671 1536; x_wconf 89' lang='lat' dir='ltr'><strong>aequari</strong></span> <span class='ocrx_word' id='word_1_85' title='bbox 1727 1461 1908 1534; x_wconf 87' lang='lat' dir='ltr'><strong>possit</strong></span> <span class='ocrx_word' id='word_1_86' title='bbox 1946 1462 2007 1520; x_wconf 92' lang='lat' dir='ltr'><strong>in</strong></span> 
     </span>
     <span class='ocr_line' id='line_1_14' title="bbox 402 1560 2006 1636; baseline -0.002 -16"><span class='ocrx_word' id='word_1_87' title='bbox 402 1562 768 1621; x_wconf 85' lang='lat' dir='ltr'><strong>multitudine</strong></span> <span class='ocrx_word' id='word_1_88' title='bbox 809 1563 870 1621; x_wconf 83' lang='lat' dir='ltr'><strong>et</strong></span> <span class='ocrx_word' id='word_1_89' title='bbox 894 1563 1327 1636; x_wconf 85' lang='lat' dir='ltr'>congregatione</span> <span class='ocrx_word' id='word_1_90' title='bbox 1356 1561 1626 1620; x_wconf 87' lang='lat' dir='ltr'><strong>bonorum</strong></span> <span class='ocrx_word' id='word_1_91' title='bbox 1657 1560 2006 1627; x_wconf 87' lang='lat' dir='ltr'><strong>caelestium,</strong></span> 
     </span>
     <span class='ocr_line' id='line_1_15' title="bbox 399 1658 2005 1733; baseline -0.001 -16"><span class='ocrx_word' id='word_1_92' title='bbox 399 1660 558 1718; x_wconf 83' lang='lat' dir='ltr'><strong>iuxta</strong></span> <span class='ocrx_word' id='word_1_93' title='bbox 619 1660 762 1718; x_wconf 91' lang='lat' dir='ltr'><strong>illud</strong></span> <span class='ocrx_word' id='word_1_94' title='bbox 822 1660 1256 1719; x_wconf 87' lang='lat' dir='ltr'><strong>Proverbiorum</strong></span> <span class='ocrx_word' id='word_1_95' title='bbox 1314 1660 1604 1733; x_wconf 88' lang='lat' dir='ltr'><strong>trigesimo</strong></span> <span class='ocrx_word' id='word_1_96' title='bbox 1669 1660 1850 1731; x_wconf 90' lang='lat' dir='ltr'><strong>primo</strong></span> <span class='ocrx_word' id='word_1_97' title='bbox 1879 1658 2005 1733; x_wconf 85' lang='lat'><strong>(2):</strong></span> 
     </span>
    </p>
   </div>
   <div class='ocr_carea' id='block_1_4' title="bbox 330 1747 2007 1833">
    <p class='ocr_par' dir='ltr' id='par_1_4' title="bbox 330 1747 2007 1833">
     <span class='ocr_line' id='line_1_16' title="bbox 330 1747 2007 1833; baseline -0.002 -16"><span class='ocrx_word' id='word_1_98' title='bbox 330 1747 333 1754; x_wconf 65' lang='grc'><strong><em>’</em></strong></span> <span class='ocrx_word' id='word_1_99' title='bbox 401 1760 636 1818; x_wconf 76' lang='lat' dir='ltr'><strong>Multae</strong></span> <span class='ocrx_word' id='word_1_100' title='bbox 675 1760 836 1830; x_wconf 74' lang='lat' dir='ltr'><strong>filiae</strong></span> <span class='ocrx_word' id='word_1_101' title='bbox 878 1761 1372 1833; x_wconf 73' lang='lat' dir='ltr'><strong>conyreyaverunt</strong></span> <span class='ocrx_word' id='word_1_102' title='bbox 1398 1758 1660 1831; x_wconf 75' lang='lat' dir='ltr'><strong>divitias,</strong></span> <span class='ocrx_word' id='word_1_103' title='bbox 1704 1760 1769 1816; x_wconf 76' lang='lat' dir='ltr'><strong>tu</strong></span> <span class='ocrx_word' id='word_1_104' title='bbox 1806 1773 2007 1830; x_wconf 79' lang='lat' dir='ltr'><strong>super-</strong></span> 
     </span>
    </p>
   </div>
   <div class='ocr_carea' id='block_1_5' title="bbox 393 1856 2007 2621">
    <p class='ocr_par' dir='ltr' id='par_1_5' title="bbox 393 1856 2007 2621">
     <span class='ocr_line' id='line_1_17' title="bbox 397 1856 2006 1931; baseline 0 -17"><span class='ocrx_word' id='word_1_105' title='bbox 397 1875 604 1931; x_wconf 77' lang='lat' dir='ltr'><strong>9ressa</strong></span> <span class='ocrx_word' id='word_1_106' title='bbox 644 1874 702 1916; x_wconf 84' lang='lat' dir='ltr'><strong>es</strong></span> <span class='ocrx_word' id='word_1_107' title='bbox 742 1858 1062 1916; x_wconf 76' lang='lat' dir='ltr'><strong>universas,</strong></span> <span class='ocrx_word' id='word_1_108' title='bbox 1105 1858 1163 1915; x_wconf 85' lang='lat' dir='ltr'><strong>Si</strong></span> <span class='ocrx_word' id='word_1_109' title='bbox 1203 1857 1353 1915; x_wconf 87' lang='lat' dir='ltr'><strong>filias</strong></span> <span class='ocrx_word' id='word_1_110' title='bbox 1413 1857 1557 1915; x_wconf 88' lang='lat' dir='ltr'><strong>istas</strong></span> <span class='ocrx_word' id='word_1_111' title='bbox 1612 1856 2006 1930; x_wconf 83' lang='lat' dir='ltr'><strong>intelligamus</strong></span> 
     </span>
     <span class='ocr_line' id='line_1_18' title="bbox 399 1956 2005 2029; baseline -0.001 -16"><span class='ocrx_word' id='word_1_112' title='bbox 399 1957 617 2014; x_wconf 88' lang='lat' dir='ltr'><strong>animas</strong></span> <span class='ocrx_word' id='word_1_113' title='bbox 659 1957 886 2014; x_wconf 87' lang='lat' dir='ltr'><strong>sanctas</strong></span> <span class='ocrx_word' id='word_1_114' title='bbox 924 1957 1011 2013; x_wconf 88' lang='lat' dir='ltr'><strong>vel</strong></span> <span class='ocrx_word' id='word_1_115' title='bbox 1055 1956 1465 2029; x_wconf 87' lang='lat' dir='ltr'><strong>intelligentias</strong></span> <span class='ocrx_word' id='word_1_116' title='bbox 1499 1956 1804 2029; x_wconf 84' lang='lat' dir='ltr'><strong>angelicaS,</strong></span> <span class='ocrx_word' id='word_1_117' title='bbox 1843 1971 2005 2012; x_wconf 90' lang='lat' dir='ltr'><strong>num-</strong></span> 
     </span>
     <span class='ocr_line' id='line_1_19' title="bbox 398 2054 2006 2129; baseline -0.001 -18"><span class='ocrx_word' id='word_1_118' title='bbox 398 2055 531 2127; x_wconf 88' lang='lat' dir='ltr'><strong>quid</strong></span> <span class='ocrx_word' id='word_1_119' title='bbox 571 2071 683 2113; x_wconf 90' lang='lat' dir='ltr'><strong>non</strong></span> <span class='ocrx_word' id='word_1_120' title='bbox 727 2071 1097 2127; x_wconf 88' lang='lat' dir='ltr'><strong>supergressa</strong></span> <span class='ocrx_word' id='word_1_121' title='bbox 1138 2054 1227 2113; x_wconf 86' lang='lat' dir='ltr'><strong>est</strong></span> <span class='ocrx_word' id='word_1_122' title='bbox 1257 2054 1345 2129; x_wconf 89' lang='lat'><strong>(3)</strong></span> <span class='ocrx_word' id='word_1_123' title='bbox 1389 2054 1572 2112; x_wconf 88' lang='lat' dir='ltr'><strong>Maria</strong></span> <span class='ocrx_word' id='word_1_124' title='bbox 1614 2054 1860 2113; x_wconf 91' lang='lat' dir='ltr'><strong>omnium</strong></span> <span class='ocrx_word' id='word_1_125' title='bbox 1915 2069 2006 2110; x_wconf 88' lang='lat' dir='ltr'><strong>ea-</strong></span> 
     </span>
     <span class='ocr_line' id='line_1_20' title="bbox 398 2153 2007 2226; baseline -0.001 -16"><span class='ocrx_word' id='word_1_126' title='bbox 398 2170 521 2210; x_wconf 89' lang='lat' dir='ltr'><strong>rum</strong></span> <span class='ocrx_word' id='word_1_127' title='bbox 565 2154 835 2226; x_wconf 80' lang='lat' dir='ltr'><strong>speciales</strong></span> <span class='ocrx_word' id='word_1_128' title='bbox 875 2153 1147 2210; x_wconf 82' lang='lat' dir='ltr'><strong>divitias?</strong></span> <span class='ocrx_word' id='word_1_129' title='bbox 1174 2153 1462 2225; x_wconf 87' lang='lat' dir='ltr'><strong>Numquid</strong></span> <span class='ocrx_word' id='word_1_130' title='bbox 1490 2169 1603 2211; x_wconf 90' lang='lat' dir='ltr'><strong>non</strong></span> <span class='ocrx_word' id='word_1_131' title='bbox 1632 2168 2007 2224; x_wconf 87' lang='lat' dir='ltr'><strong>supergressa</strong></span> 
     </span>
     <span class='ocr_line' id='line_1_21' title="bbox 396 2249 2002 2326; baseline -0.001 -17"><span class='ocrx_word' id='word_1_132' title='bbox 396 2253 484 2309; x_wconf 87' lang='lat' dir='ltr'><strong>est</strong></span> <span class='ocrx_word' id='word_1_133' title='bbox 544 2252 773 2310; x_wconf 88' lang='lat' dir='ltr'><strong>divitias</strong></span> <span class='ocrx_word' id='word_1_134' title='bbox 835 2253 1138 2326; x_wconf 84' lang='lat' dir='ltr'><strong>virginum,</strong></span> <span class='ocrx_word' id='word_1_135' title='bbox 1201 2252 1599 2320; x_wconf 87' lang='lat' dir='ltr'><strong>confessorum,</strong></span> <span class='ocrx_word' id='word_1_136' title='bbox 1663 2249 2002 2324; x_wconf 84' lang='lat' dir='ltr'><strong>martyrum,</strong></span> 
     </span>
     <span class='ocr_line' id='line_1_22' title="bbox 393 2349 2006 2423; baseline -0.001 -15"><span class='ocrx_word' id='word_1_137' title='bbox 393 2351 798 2423; x_wconf 87' lang='lat' dir='ltr'><strong>apostolorum,</strong></span> <span class='ocrx_word' id='word_1_138' title='bbox 867 2350 1291 2423; x_wconf 87' lang='lat' dir='ltr'><strong>prophetarum,</strong></span> <span class='ocrx_word' id='word_1_139' title='bbox 1356 2349 1829 2423; x_wconf 86' lang='lat' dir='ltr'><strong>patriarcharum,</strong></span> <span class='ocrx_word' id='word_1_140' title='bbox 1896 2365 2006 2407; x_wconf 92' lang='lat' dir='ltr'><strong>an-</strong></span> 
     </span>
     <span class='ocr_line' id='line_1_23' title="bbox 394 2448 2006 2522; baseline -0.001 -16"><span class='ocrx_word' id='word_1_141' title='bbox 394 2449 693 2522; x_wconf 77' lang='lat' dir='ltr'><strong>gelorum?</strong></span> <span class='ocrx_word' id='word_1_142' title='bbox 733 2466 857 2507; x_wconf 90' lang='lat' dir='ltr'><strong>cum</strong></span> <span class='ocrx_word' id='word_1_143' title='bbox 900 2450 1025 2521; x_wconf 88' lang='lat' dir='ltr'><strong>ipsa</strong></span> <span class='ocrx_word' id='word_1_144' title='bbox 1067 2448 1145 2506; x_wconf 91' lang='lat' dir='ltr'><strong>sit</strong></span> <span class='ocrx_word' id='word_1_145' title='bbox 1188 2448 1476 2521; x_wconf 86' lang='lat' dir='ltr'><strong>primitiva</strong></span> <span class='ocrx_word' id='word_1_146' title='bbox 1517 2449 1820 2521; x_wconf 84' lang='lat' dir='ltr'><strong>virginum,</strong></span> <span class='ocrx_word' id='word_1_147' title='bbox 1872 2463 2006 2519; x_wconf 87' lang='lat' dir='ltr'><strong>spe-</strong></span> 
     </span>
     <span class='ocr_line' id='line_1_24' title="bbox 394 2545 2001 2621; baseline -0.001 -16"><span class='ocrx_word' id='word_1_148' title='bbox 394 2548 581 2605; x_wconf 89' lang='lat' dir='ltr'><strong>culum</strong></span> <span class='ocrx_word' id='word_1_149' title='bbox 646 2548 1043 2618; x_wconf 86' lang='lat' dir='ltr'><strong>confessorum,</strong></span> <span class='ocrx_word' id='word_1_150' title='bbox 1108 2564 1237 2607; x_wconf 85' lang='lat' dir='ltr'><strong>rosa</strong></span> <span class='ocrx_word' id='word_1_151' title='bbox 1301 2547 1635 2621; x_wconf 86' lang='lat' dir='ltr'><strong>martyrum,</strong></span> <span class='ocrx_word' id='word_1_152' title='bbox 1690 2545 2001 2619; x_wconf 87' lang='lat' dir='ltr'><strong>registrum</strong></span> 
     </span>
    </p>
   </div>
   <div class='ocr_carea' id='block_1_6' title="bbox 395 2703 685 2711">
    <p class='ocr_par' dir='ltr' id='par_1_6' title="bbox 395 2703 685 2711">
     <span class='ocr_line' id='line_1_25' title="bbox 395 2703 685 2711; baseline 0 770"><span class='ocrx_word' id='word_1_153' title='bbox 395 2703 685 2711; x_wconf 95' lang='lat' dir='ltr'><strong> </strong></span> 
     </span>
    </p>
   </div>
   <div class='ocr_carea' id='block_1_7' title="bbox 389 2765 2000 3008">
    <p class='ocr_par' dir='ltr' id='par_1_7' title="bbox 389 2765 2000 3008">
     <span class='ocr_line' id='line_1_26' title="bbox 522 2765 1998 2857; baseline 0.001 -14"><span class='ocrx_word' id='word_1_154' title='bbox 522 2798 567 2857; x_wconf 94' lang='grc'><strong>1)</strong></span> <span class='ocrx_word' id='word_1_155' title='bbox 604 2798 738 2844; x_wconf 88' lang='lat' dir='ltr'><strong>Vers.</strong></span> <span class='ocrx_word' id='word_1_156' title='bbox 774 2799 820 2844; x_wconf 84' lang='lat'><strong>9.</strong></span> <span class='ocrx_word' id='word_1_157' title='bbox 1515 2765 1518 2768; x_wconf 17' lang='lat' dir='ltr'><em>A</em></span> <span class='ocrx_word' id='word_1_158' title='bbox 1654 2796 1704 2857; x_wconf 85' lang='lat'><strong>2)</strong></span> <span class='ocrx_word' id='word_1_159' title='bbox 1739 2796 1879 2844; x_wconf 68' lang='lat' dir='ltr'><strong>vers·</strong></span> <span class='ocrx_word' id='word_1_160' title='bbox 1913 2797 1998 2845; x_wconf 79' lang='lat'><strong>29.</strong></span> 
     </span>
     <span class='ocr_line' id='line_1_27' title="bbox 518 2878 2000 2937; baseline 0.002 -13"><span class='ocrx_word' id='word_1_161' title='bbox 518 2878 565 2937; x_wconf 88' lang='grc'><strong>3)</strong></span> <span class='ocrx_word' id='word_1_162' title='bbox 602 2878 729 2936; x_wconf 83' lang='lat' dir='ltr'><strong>Quae</strong></span> <span class='ocrx_word' id='word_1_163' title='bbox 779 2880 1040 2937; x_wconf 87' lang='lat' dir='ltr'><strong>sequuntur</strong></span> <span class='ocrx_word' id='word_1_164' title='bbox 1082 2892 1227 2937; x_wconf 90' lang='lat' dir='ltr'><strong>usque</strong></span> <span class='ocrx_word' id='word_1_165' title='bbox 1275 2879 1479 2925; x_wconf 77' lang='lat' dir='ltr'><strong>divitias</strong></span> <span class='ocrx_word' id='word_1_166' title='bbox 1527 2878 1782 2937; x_wconf 66' lang='lat' dir='ltr'><strong>viminum</strong></span> <span class='ocrx_word' id='word_1_167' title='bbox 1829 2878 2000 2927; x_wconf 81' lang='lat' dir='ltr'><strong>addita</strong></span> 
     </span>
     <span class='ocr_line' id='line_1_28' title="bbox 389 2959 1331 3008; baseline 0.004 -3"><span class='ocrx_word' id='word_1_168' title='bbox 389 2960 503 3006; x_wconf 87' lang='lat' dir='ltr'><strong>sunt</strong></span> <span class='ocrx_word' id='word_1_169' title='bbox 533 2972 591 3007; x_wconf 85' lang='lat' dir='ltr'><strong>ex</strong></span> <span class='ocrx_word' id='word_1_170' title='bbox 625 2959 884 3008; x_wconf 77' lang='lat' dir='ltr'><strong>codicibus,</strong></span> <span class='ocrx_word' id='word_1_171' title='bbox 919 2994 925 3000; x_wconf 83' lang='lat'>.</span> <span class='ocrx_word' id='word_1_172' title='bbox 1325 2971 1331 2979; x_wconf 88' lang='lat'><strong>·</strong></span> 
     </span>
    </p>
   </div>
   <div class='ocr_carea' id='block_1_8' title="bbox 329 3131 467 3376">
    <p class='ocr_par' dir='ltr' id='par_1_8' title="bbox 329 3113 467 3376">
     <span class='ocr_line' id='line_1_29' title="bbox 329 3131 467 3376; baseline 0.174 -20"><span class='ocrx_word' id='word_1_173' title='bbox 329 3131 467 3376; x_wconf 45' lang='grc' dir='ltr'><strong>ἡ</strong></span> 
     </span>
    </p>
   </div>
  </div>
 </body>
</html>
