<?xml version="1.0" encoding="UTF-8"?>
<!DOCTYPE html PUBLIC "-//W3C//DTD XHTML 1.0 Transitional//EN"
    "http://www.w3.org/TR/xhtml1/DTD/xhtml1-transitional.dtd">
<html xmlns="http://www.w3.org/1999/xhtml" xml:lang="en" lang="en">
 <head>
  <title>
</title>
<meta http-equiv="Content-Type" content="text/html;charset=utf-8" />
  <meta name='ocr-system' content='tesseract 3.04.00' />
  <meta name='ocr-capabilities' content='ocr_page ocr_carea ocr_par ocr_line ocrx_word'/>
</head>
<body>
  <div class='ocr_page' id='page_1' title='image "./speculumbeataem00brungoog_0173.png"; bbox 0 0 2237 3481; ppageno 0'>
   <div class='ocr_carea' id='block_1_1' title="bbox 880 280 1834 340">
    <p class='ocr_par' dir='ltr' id='par_1_1' title="bbox 880 280 1834 340">
     <span class='ocr_line' id='line_1_1' title="bbox 880 280 1834 340; baseline 0 -2"><span class='ocrx_word' id='word_1_1' title='bbox 880 297 1079 340; x_wconf 75' lang='lat' dir='ltr'>an&#39;rlo</span> <span class='ocrx_word' id='word_1_2' title='bbox 1123 298 1174 339; x_wconf 86' lang='lat' dir='ltr'>x.</span> <span class='ocrx_word' id='word_1_3' title='bbox 1721 280 1834 339; x_wconf 90' lang='lat'>139</span> 
     </span>
    </p>
   </div>
   <div class='ocr_carea' id='block_1_2' title="bbox 194 488 1837 2725">
    <p class='ocr_par' dir='ltr' id='par_1_2' title="bbox 194 488 1837 2725">
     <span class='ocr_line' id='line_1_2' title="bbox 232 488 1835 562; baseline -0.001 -15"><span class='ocrx_word' id='word_1_4' title='bbox 232 489 332 547; x_wconf 88' lang='lat' dir='ltr'>illa</span> <span class='ocrx_word' id='word_1_5' title='bbox 375 488 622 560; x_wconf 88' lang='lat' dir='ltr'>superba</span> <span class='ocrx_word' id='word_1_6' title='bbox 683 489 965 546; x_wconf 89' lang='lat' dir='ltr'>dominam</span> <span class='ocrx_word' id='word_1_7' title='bbox 1022 488 1293 562; x_wconf 84' lang='lat' dir='ltr'>despexit,</span> <span class='ocrx_word' id='word_1_8' title='bbox 1335 490 1603 547; x_wconf 86' lang='lat' dir='ltr'>ancillam</span> <span class='ocrx_word' id='word_1_9' title='bbox 1664 488 1835 547; x_wconf 89' lang='lat' dir='ltr'>istam</span> 
     </span>
     <span class='ocr_line' id='line_1_3' title="bbox 231 586 1832 660; baseline 0.001 -17"><span class='ocrx_word' id='word_1_10' title='bbox 231 586 501 645; x_wconf 90' lang='lat' dir='ltr'>humilem</span> <span class='ocrx_word' id='word_1_11' title='bbox 546 586 819 644; x_wconf 82' lang='lat' dir='ltr'>Dominus</span> <span class='ocrx_word' id='word_1_12' title='bbox 864 587 1126 659; x_wconf 73' lang='lat' dir='ltr'>respexit,</span> <span class='ocrx_word' id='word_1_13' title='bbox 1169 586 1317 644; x_wconf 89' lang='lat' dir='ltr'>sicut</span> <span class='ocrx_word' id='word_1_14' title='bbox 1377 587 1503 659; x_wconf 91' lang='lat' dir='ltr'>ipsa</span> <span class='ocrx_word' id='word_1_15' title='bbox 1565 602 1832 660; x_wconf 87' lang='lat' dir='ltr'>recogno-</span> 
     </span>
     <span class='ocr_line' id='line_1_4' title="bbox 233 682 1833 759; baseline -0.001 -16"><span class='ocrx_word' id='word_1_16' title='bbox 233 702 393 743; x_wconf 89' lang='lat' dir='ltr'>scens</span> <span class='ocrx_word' id='word_1_17' title='bbox 435 683 729 741; x_wconf 89' lang='lat' dir='ltr'>humiliter</span> <span class='ocrx_word' id='word_1_18' title='bbox 770 683 907 741; x_wconf 91' lang='lat' dir='ltr'>dicit</span> <span class='ocrx_word' id='word_1_19' title='bbox 929 682 1059 759; x_wconf 91' lang='lat'>(1):</span> <span class='ocrx_word' id='word_1_20' title='bbox 1104 685 1381 757; x_wconf 76' lang='lat' dir='ltr'><strong><em>Respexit</em></strong></span> <span class='ocrx_word' id='word_1_21' title='bbox 1441 684 1833 742; x_wconf 78' lang='lat' dir='ltr'><em>humilitatem</em></span> 
     </span>
     <span class='ocr_line' id='line_1_5' title="bbox 231 781 1837 851; baseline -0.001 -10"><span class='ocrx_word' id='word_1_22' title='bbox 231 782 489 841; x_wconf 81' lang='lat' dir='ltr'>ancillae</span> <span class='ocrx_word' id='word_1_23' title='bbox 528 798 690 841; x_wconf 83' lang='lat' dir='ltr'>suae.</span> <span class='ocrx_word' id='word_1_24' title='bbox 753 781 799 840; x_wconf 95' lang='grc' dir='ltr'>Ο</span> <span class='ocrx_word' id='word_1_25' title='bbox 862 784 1051 839; x_wconf 88' lang='lat' dir='ltr'>anima</span> <span class='ocrx_word' id='word_1_26' title='bbox 1092 781 1423 851; x_wconf 88' lang='lat' dir='ltr'>christiana,</span> <span class='ocrx_word' id='word_1_27' title='bbox 1470 783 1692 841; x_wconf 89' lang='lat' dir='ltr'>Domini</span> <span class='ocrx_word' id='word_1_28' title='bbox 1733 799 1837 840; x_wconf 88' lang='lat' dir='ltr'>an-</span> 
     </span>
     <span class='ocr_line' id='line_1_6' title="bbox 230 881 1837 954; baseline -0.001 -15"><span class='ocrx_word' id='word_1_29' title='bbox 230 882 392 940; x_wconf 85' lang='lat' dir='ltr'>cilla!</span> <span class='ocrx_word' id='word_1_30' title='bbox 428 882 508 938; x_wconf 91' lang='lat' dir='ltr'>sic</span> <span class='ocrx_word' id='word_1_31' title='bbox 535 897 660 938; x_wconf 92' lang='lat' dir='ltr'>cum</span> <span class='ocrx_word' id='word_1_32' title='bbox 700 882 884 938; x_wconf 89' lang='lat' dir='ltr'>Maria</span> <span class='ocrx_word' id='word_1_33' title='bbox 924 881 1263 954; x_wconf 74' lang='lat' dir='ltr'>amplectere</span> <span class='ocrx_word' id='word_1_34' title='bbox 1306 881 1724 950; x_wconf 83' lang='lat' dir='ltr'>fecunditatem,</span> <span class='ocrx_word' id='word_1_35' title='bbox 1770 881 1837 938; x_wconf 90' lang='lat' dir='ltr'>ut</span> 
     </span>
     <span class='ocr_line' id='line_1_7' title="bbox 229 979 1837 1053; baseline -0.001 -16"><span class='ocrx_word' id='word_1_36' title='bbox 229 995 588 1053; x_wconf 87' lang='lat' dir='ltr'>nequaquam</span> <span class='ocrx_word' id='word_1_37' title='bbox 630 980 857 1038; x_wconf 84' lang='lat' dir='ltr'>deseras</span> <span class='ocrx_word' id='word_1_38' title='bbox 898 979 1298 1038; x_wconf 86' lang='lat' dir='ltr'>humilitatem.</span> <span class='ocrx_word' id='word_1_39' title='bbox 1329 980 1407 1037; x_wconf 86' lang='lat' dir='ltr'>Ut</span> <span class='ocrx_word' id='word_1_40' title='bbox 1435 996 1569 1053; x_wconf 82' lang='lat' dir='ltr'>ergo</span> <span class='ocrx_word' id='word_1_41' title='bbox 1596 980 1663 1038; x_wconf 90' lang='lat' dir='ltr'>de</span> <span class='ocrx_word' id='word_1_42' title='bbox 1705 979 1837 1038; x_wconf 90' lang='lat' dir='ltr'>boni</span> 
     </span>
     <span class='ocr_line' id='line_1_8' title="bbox 228 1077 1835 1151; baseline -0.001 -14"><span class='ocrx_word' id='word_1_43' title='bbox 228 1080 419 1151; x_wconf 87' lang='lat' dir='ltr'>operis</span> <span class='ocrx_word' id='word_1_44' title='bbox 461 1077 807 1135; x_wconf 75' lang='lat' dir='ltr'>fecunditate</span> <span class='ocrx_word' id='word_1_45' title='bbox 849 1093 960 1136; x_wconf 91' lang='lat' dir='ltr'>non</span> <span class='ocrx_word' id='word_1_46' title='bbox 1004 1077 1236 1146; x_wconf 89' lang='lat' dir='ltr'>infleris,</span> <span class='ocrx_word' id='word_1_47' title='bbox 1279 1078 1377 1135; x_wconf 90' lang='lat' dir='ltr'>sed</span> <span class='ocrx_word' id='word_1_48' title='bbox 1418 1079 1601 1151; x_wconf 85' lang='lat' dir='ltr'>magis</span> <span class='ocrx_word' id='word_1_49' title='bbox 1642 1078 1708 1136; x_wconf 90' lang='lat' dir='ltr'>de</span> <span class='ocrx_word' id='word_1_50' title='bbox 1737 1077 1835 1135; x_wconf 91' lang='lat' dir='ltr'>hu-</span> 
     </span>
     <span class='ocr_line' id='line_1_9' title="bbox 231 1175 1836 1245; baseline 0 -11"><span class='ocrx_word' id='word_1_51' title='bbox 231 1176 479 1234; x_wconf 89' lang='lat' dir='ltr'>militate</span> <span class='ocrx_word' id='word_1_52' title='bbox 524 1175 854 1244; x_wconf 80' lang='lat' dir='ltr'>secunderiS,</span> <span class='ocrx_word' id='word_1_53' title='bbox 897 1175 1129 1233; x_wconf 85' lang='lat' dir='ltr'>attende</span> <span class='ocrx_word' id='word_1_54' title='bbox 1169 1175 1438 1233; x_wconf 89' lang='lat' dir='ltr'>humilem</span> <span class='ocrx_word' id='word_1_55' title='bbox 1468 1176 1726 1245; x_wconf 89' lang='lat' dir='ltr'>Mariam,</span> <span class='ocrx_word' id='word_1_56' title='bbox 1757 1193 1836 1234; x_wconf 89' lang='lat' dir='ltr'>re-</span> 
     </span>
     <span class='ocr_line' id='line_1_10' title="bbox 231 1263 1836 1348; baseline -0.001 -14"><span class='ocrx_word' id='word_1_57' title='bbox 231 1277 385 1348; x_wconf 84' lang='lat' dir='ltr'>spice</span> <span class='ocrx_word' id='word_1_58' title='bbox 428 1263 696 1332; x_wconf 88' lang='lat' dir='ltr'>humilem</span> <span class='ocrx_word' id='word_1_59' title='bbox 761 1274 1021 1331; x_wconf 89' lang='lat' dir='ltr'>Mariam.</span> <span class='ocrx_word' id='word_1_60' title='bbox 1066 1275 1237 1346; x_wconf 84' lang='lat' dir='ltr'>Ecce,</span> <span class='ocrx_word' id='word_1_61' title='bbox 1278 1275 1379 1343; x_wconf 90' lang='lat' dir='ltr'>ait,</span> <span class='ocrx_word' id='word_1_62' title='bbox 1444 1274 1671 1333; x_wconf 72' lang='lat' dir='ltr'>ancilla</span> <span class='ocrx_word' id='word_1_63' title='bbox 1710 1275 1836 1332; x_wconf 90' lang='lat' dir='ltr'>Do-</span> 
     </span>
     <span class='ocr_line' id='line_1_11' title="bbox 227 1369 1835 1447; baseline -0.001 -16"><span class='ocrx_word' id='word_1_64' title='bbox 227 1373 414 1443; x_wconf 74' lang='lat' dir='ltr'>mini,·</span> <span class='ocrx_word' id='word_1_65' title='bbox 442 1372 777 1431; x_wconf 91' lang='lat' dir='ltr'>Ambrosius</span> <span class='ocrx_word' id='word_1_66' title='bbox 800 1373 923 1447; x_wconf 86' lang='lat'>(2):</span> <span class='ocrx_word' id='word_1_67' title='bbox 963 1394 993 1423; x_wconf 77' lang='grc' dir='ltr'><strong>α</strong></span> <span class='ocrx_word' id='word_1_68' title='bbox 1014 1369 1173 1441; x_wconf 89' lang='lat' dir='ltr'>Vide,</span> <span class='ocrx_word' id='word_1_69' title='bbox 1203 1372 1405 1445; x_wconf 89' lang='lat' dir='ltr'>inquit,</span> <span class='ocrx_word' id='word_1_70' title='bbox 1436 1372 1835 1441; x_wconf 86' lang='lat' dir='ltr'>humilitatem,</span> 
     </span>
     <span class='ocr_line' id='line_1_12' title="bbox 228 1469 1835 1542; baseline -0.001 -14"><span class='ocrx_word' id='word_1_71' title='bbox 228 1471 357 1529; x_wconf 87' lang='lat' dir='ltr'>vide</span> <span class='ocrx_word' id='word_1_72' title='bbox 399 1470 768 1529; x_wconf 84' lang='lat' dir='ltr'>devotionem.</span> <span class='ocrx_word' id='word_1_73' title='bbox 815 1470 1097 1528; x_wconf 85' lang='lat' dir='ltr'>Ancillam</span> <span class='ocrx_word' id='word_1_74' title='bbox 1142 1487 1201 1528; x_wconf 88' lang='lat' dir='ltr'>se</span> <span class='ocrx_word' id='word_1_75' title='bbox 1244 1469 1380 1527; x_wconf 85' lang='lat' dir='ltr'>dicit</span> <span class='ocrx_word' id='word_1_76' title='bbox 1421 1470 1664 1538; x_wconf 91' lang='lat' dir='ltr'>Domini,</span> <span class='ocrx_word' id='word_1_77' title='bbox 1694 1487 1835 1542; x_wconf 88' lang='lat' dir='ltr'>quae</span> 
     </span>
     <span class='ocr_line' id='line_1_13' title="bbox 229 1567 1835 1642; baseline 0 -16"><span class='ocrx_word' id='word_1_78' title='bbox 229 1569 416 1627; x_wconf 88' lang='lat' dir='ltr'>mater</span> <span class='ocrx_word' id='word_1_79' title='bbox 465 1568 697 1642; x_wconf 87' lang='lat' dir='ltr'>eligitur</span> <span class='ocrx_word' id='word_1_80' title='bbox 759 1568 1001 1636; x_wconf 89' lang='lat' dir='ltr'>Domini,</span> <span class='ocrx_word' id='word_1_81' title='bbox 1065 1584 1168 1625; x_wconf 88' lang='lat' dir='ltr'>nec</span> <span class='ocrx_word' id='word_1_82' title='bbox 1229 1568 1523 1640; x_wconf 90' lang='lat' dir='ltr'>repentino</span> <span class='ocrx_word' id='word_1_83' title='bbox 1583 1567 1835 1626; x_wconf 80' lang='lat' dir='ltr'>exaltata</span> 
     </span>
     <span class='ocr_line' id='line_1_14' title="bbox 228 1664 1833 1740; baseline -0.001 -16"><span class='ocrx_word' id='word_1_84' title='bbox 228 1667 510 1740; x_wconf 89' lang='lat' dir='ltr'>promisso</span> <span class='ocrx_word' id='word_1_85' title='bbox 539 1666 699 1727; x_wconf 81' lang='lat' dir='ltr'>est».</span> <span class='ocrx_word' id='word_1_86' title='bbox 729 1665 775 1724; x_wconf 95' lang='grc' dir='ltr'>Ο</span> <span class='ocrx_word' id='word_1_87' title='bbox 804 1683 932 1724; x_wconf 86' lang='lat' dir='ltr'>vere</span> <span class='ocrx_word' id='word_1_88' title='bbox 960 1666 1294 1723; x_wconf 86' lang='lat' dir='ltr'>admiranda</span> <span class='ocrx_word' id='word_1_89' title='bbox 1318 1664 1644 1723; x_wconf 84' lang='lat' dir='ltr'>humilitas!</span> <span class='ocrx_word' id='word_1_90' title='bbox 1675 1665 1833 1735; x_wconf 87' lang='lat' dir='ltr'>Ecce,</span> 
     </span>
     <span class='ocr_line' id='line_1_15' title="bbox 227 1765 1832 1834; baseline -0.002 -10"><span class='ocrx_word' id='word_1_91' title='bbox 227 1782 345 1824; x_wconf 90' lang='lat' dir='ltr'>non</span> <span class='ocrx_word' id='word_1_92' title='bbox 388 1767 568 1824; x_wconf 92' lang='lat' dir='ltr'>solum</span> <span class='ocrx_word' id='word_1_93' title='bbox 634 1765 858 1824; x_wconf 89' lang='lat' dir='ltr'>Domini</span> <span class='ocrx_word' id='word_1_94' title='bbox 920 1767 1147 1834; x_wconf 84' lang='lat' dir='ltr'>ancilla,</span> <span class='ocrx_word' id='word_1_95' title='bbox 1191 1765 1285 1823; x_wconf 90' lang='lat' dir='ltr'>sed</span> <span class='ocrx_word' id='word_1_96' title='bbox 1328 1766 1499 1823; x_wconf 87' lang='lat' dir='ltr'>etiam</span> <span class='ocrx_word' id='word_1_97' title='bbox 1542 1782 1832 1823; x_wconf 87' lang='lat' dir='ltr'>servorum</span> 
     </span>
     <span class='ocr_line' id='line_1_16' title="bbox 228 1863 1830 1938; baseline 0.001 -15"><span class='ocrx_word' id='word_1_98' title='bbox 228 1865 458 1924; x_wconf 88' lang='lat' dir='ltr'>Domini</span> <span class='ocrx_word' id='word_1_99' title='bbox 499 1865 708 1922; x_wconf 86' lang='lat' dir='ltr'>ancilla</span> <span class='ocrx_word' id='word_1_100' title='bbox 734 1864 1137 1938; x_wconf 90' lang='lat' dir='ltr'>quodammodo</span> <span class='ocrx_word' id='word_1_101' title='bbox 1166 1863 1435 1937; x_wconf 86' lang='lat' dir='ltr'>dignatur</span> <span class='ocrx_word' id='word_1_102' title='bbox 1470 1881 1589 1922; x_wconf 90' lang='lat' dir='ltr'>esse</span> <span class='ocrx_word' id='word_1_103' title='bbox 1630 1864 1830 1924; x_wconf 87' lang='lat' dir='ltr'>Maria.</span> 
     </span>
     <span class='ocr_line' id='line_1_17' title="bbox 227 1961 1833 2036; baseline -0.002 -14"><span class='ocrx_word' id='word_1_104' title='bbox 227 1964 372 2036; x_wconf 89' lang='lat' dir='ltr'>Ipsa</span> <span class='ocrx_word' id='word_1_105' title='bbox 414 1979 656 2036; x_wconf 89' lang='lat' dir='ltr'>namque</span> <span class='ocrx_word' id='word_1_106' title='bbox 698 1963 926 2036; x_wconf 88' lang='lat' dir='ltr'>signata</span> <span class='ocrx_word' id='word_1_107' title='bbox 968 1964 1057 2020; x_wconf 91' lang='lat' dir='ltr'>est</span> <span class='ocrx_word' id='word_1_108' title='bbox 1097 1980 1198 2035; x_wconf 89' lang='lat' dir='ltr'>per</span> <span class='ocrx_word' id='word_1_109' title='bbox 1240 1963 1397 2020; x_wconf 92' lang='lat' dir='ltr'>illam</span> <span class='ocrx_word' id='word_1_110' title='bbox 1441 1961 1688 2034; x_wconf 87' lang='lat' dir='ltr'>Abigail‚</span> <span class='ocrx_word' id='word_1_111' title='bbox 1731 1978 1833 2034; x_wconf 90' lang='lat' dir='ltr'>pro</span> 
     </span>
     <span class='ocr_line' id='line_1_18' title="bbox 194 2060 1835 2135; baseline -0.002 -15"><span class='ocrx_word' id='word_1_112' title='bbox 194 2114 195 2121; x_wconf 73' lang='grc'>,</span> <span class='ocrx_word' id='word_1_113' title='bbox 227 2079 344 2135; x_wconf 91' lang='lat' dir='ltr'>qua</span> <span class='ocrx_word' id='word_1_114' title='bbox 383 2061 727 2130; x_wconf 89' lang='lat' dir='ltr'>adducenda,</span> <span class='ocrx_word' id='word_1_115' title='bbox 770 2078 895 2119; x_wconf 90' lang='lat' dir='ltr'>cum</span> <span class='ocrx_word' id='word_1_116' title='bbox 938 2061 1122 2119; x_wconf 85' lang='lat' dir='ltr'>David</span> <span class='ocrx_word' id='word_1_117' title='bbox 1163 2062 1396 2119; x_wconf 85' lang='lat' dir='ltr'>nuntios</span> <span class='ocrx_word' id='word_1_118' title='bbox 1438 2060 1703 2128; x_wconf 88' lang='lat' dir='ltr'>misisset,</span> <span class='ocrx_word' id='word_1_119' title='bbox 1747 2077 1835 2118; x_wconf 94' lang='lat' dir='ltr'>re-</span> 
     </span>
     <span class='ocr_line' id='line_1_19' title="bbox 232 2158 1834 2233; baseline -0.001 -15"><span class='ocrx_word' id='word_1_120' title='bbox 232 2159 484 2233; x_wconf 89' lang='lat' dir='ltr'>spondit,</span> <span class='ocrx_word' id='word_1_121' title='bbox 548 2160 696 2217; x_wconf 89' lang='lat' dir='ltr'>sicut</span> <span class='ocrx_word' id='word_1_122' title='bbox 754 2159 969 2233; x_wconf 86' lang='lat' dir='ltr'>legitur</span> <span class='ocrx_word' id='word_1_123' title='bbox 1040 2161 1208 2232; x_wconf 91' lang='lat' dir='ltr'>primi</span> <span class='ocrx_word' id='word_1_124' title='bbox 1277 2158 1493 2232; x_wconf 82' lang='lat' dir='ltr'>Regum</span> <span class='ocrx_word' id='word_1_125' title='bbox 1562 2159 1834 2231; x_wconf 82' lang='lat' dir='ltr'>vigesimo</span> 
     </span>
     <span class='ocr_line' id='line_1_20' title="bbox 227 2256 1836 2333; baseline -0.002 -17"><span class='ocrx_word' id='word_1_126' title='bbox 227 2259 431 2332; x_wconf 88' lang='lat' dir='ltr'>quinto</span> <span class='ocrx_word' id='word_1_127' title='bbox 455 2257 578 2333; x_wconf 82' lang='lat'><strong>(3):</strong></span> <span class='ocrx_word' id='word_1_128' title='bbox 620 2258 792 2331; x_wconf 81' lang='lat' dir='ltr'>Ecce,</span> <span class='ocrx_word' id='word_1_129' title='bbox 820 2256 1053 2328; x_wconf 83' lang='lat' dir='ltr'>famula</span> <span class='ocrx_word' id='word_1_130' title='bbox 1082 2261 1187 2316; x_wconf 80' lang='lat' dir='ltr'>tua</span> <span class='ocrx_word' id='word_1_131' title='bbox 1214 2257 1295 2317; x_wconf 74' lang='lat' dir='ltr'>sit</span> <span class='ocrx_word' id='word_1_132' title='bbox 1322 2259 1387 2316; x_wconf 82' lang='lat' dir='ltr'>in</span> <span class='ocrx_word' id='word_1_133' title='bbox 1430 2256 1732 2329; x_wconf 78' lang='lat' dir='ltr'>ancillam,</span> <span class='ocrx_word' id='word_1_134' title='bbox 1768 2258 1836 2314; x_wconf 80' lang='lat' dir='ltr'>ut</span> 
     </span>
     <span class='ocr_line' id='line_1_21' title="bbox 230 2355 1835 2429; baseline -0.002 -14"><span class='ocrx_word' id='word_1_135' title='bbox 230 2356 385 2415; x_wconf 85' lang='lat' dir='ltr'>lavet</span> <span class='ocrx_word' id='word_1_136' title='bbox 437 2356 613 2429; x_wconf 76' lang='lat' dir='ltr'>pedes</span> <span class='ocrx_word' id='word_1_137' title='bbox 672 2373 972 2415; x_wconf 80' lang='lat' dir='ltr'>servorum</span> <span class='ocrx_word' id='word_1_138' title='bbox 1035 2356 1259 2414; x_wconf 77' lang='lat' dir='ltr'>domini-</span> <span class='ocrx_word' id='word_1_139' title='bbox 1306 2357 1436 2414; x_wconf 75' lang='lat' dir='ltr'>mei.</span> <span class='ocrx_word' id='word_1_140' title='bbox 1500 2355 1608 2414; x_wconf 91' lang='lat' dir='ltr'>Per</span> <span class='ocrx_word' id='word_1_141' title='bbox 1669 2355 1835 2413; x_wconf 88' lang='lat' dir='ltr'>bene-</span> 
     </span>
     <span class='ocr_line' id='line_1_22' title="bbox 227 2453 1831 2527; baseline -0.002 -14"><span class='ocrx_word' id='word_1_142' title='bbox 227 2454 439 2513; x_wconf 84' lang='lat' dir='ltr'>dictam</span> <span class='ocrx_word' id='word_1_143' title='bbox 483 2455 745 2513; x_wconf 87' lang='lat' dir='ltr'>ancillam</span> <span class='ocrx_word' id='word_1_144' title='bbox 789 2454 1028 2512; x_wconf 88' lang='lat' dir='ltr'>Mariam</span> <span class='ocrx_word' id='word_1_145' title='bbox 1059 2455 1221 2527; x_wconf 89' lang='lat' dir='ltr'>quasi</span> <span class='ocrx_word' id='word_1_146' title='bbox 1251 2454 1339 2513; x_wconf 85' lang='lat' dir='ltr'>tot</span> <span class='ocrx_word' id='word_1_147' title='bbox 1369 2455 1517 2512; x_wconf 85' lang='lat' dir='ltr'>servi</span> <span class='ocrx_word' id='word_1_148' title='bbox 1544 2454 1648 2512; x_wconf 87' lang='lat' dir='ltr'>loti</span> <span class='ocrx_word' id='word_1_149' title='bbox 1678 2453 1831 2520; x_wconf 89' lang='lat' dir='ltr'>sunt,</span> 
     </span>
     <span class='ocr_line' id='line_1_23' title="bbox 225 2551 1834 2627; baseline -0.002 -16"><span class='ocrx_word' id='word_1_150' title='bbox 225 2552 369 2627; x_wconf 90' lang='lat' dir='ltr'>quot</span> <span class='ocrx_word' id='word_1_151' title='bbox 411 2552 605 2611; x_wconf 89' lang='lat' dir='ltr'>fideles</span> <span class='ocrx_word' id='word_1_152' title='bbox 654 2555 774 2610; x_wconf 89' lang='lat' dir='ltr'>eius</span> <span class='ocrx_word' id='word_1_153' title='bbox 836 2552 1125 2626; x_wconf 86' lang='lat' dir='ltr'>suffragiis</span> <span class='ocrx_word' id='word_1_154' title='bbox 1181 2570 1216 2610; x_wconf 88' lang='lat' dir='ltr'>a</span> <span class='ocrx_word' id='word_1_155' title='bbox 1280 2553 1523 2625; x_wconf 88' lang='lat' dir='ltr'>peccatis</span> <span class='ocrx_word' id='word_1_156' title='bbox 1578 2551 1834 2609; x_wconf 87' lang='lat' dir='ltr'>mundati</span> 
     </span>
     <span class='ocr_line' id='line_1_24' title="bbox 228 2650 1831 2725; baseline -0.001 -15"><span class='ocrx_word' id='word_1_157' title='bbox 228 2651 388 2710; x_wconf 91' lang='lat' dir='ltr'>sunt.</span> <span class='ocrx_word' id='word_1_158' title='bbox 429 2650 570 2723; x_wconf 88' lang='lat' dir='ltr'>Ipsa</span> <span class='ocrx_word' id='word_1_159' title='bbox 609 2652 757 2710; x_wconf 91' lang='lat' dir='ltr'>enim</span> <span class='ocrx_word' id='word_1_160' title='bbox 799 2652 961 2725; x_wconf 90' lang='lat' dir='ltr'>quasi</span> <span class='ocrx_word' id='word_1_161' title='bbox 1002 2651 1091 2710; x_wconf 88' lang='lat' dir='ltr'>tot</span> <span class='ocrx_word' id='word_1_162' title='bbox 1134 2667 1422 2710; x_wconf 87' lang='lat' dir='ltr'>servorum</span> <span class='ocrx_word' id='word_1_163' title='bbox 1467 2650 1692 2710; x_wconf 89' lang='lat' dir='ltr'>Domini</span> <span class='ocrx_word' id='word_1_164' title='bbox 1735 2667 1831 2722; x_wconf 90' lang='lat' dir='ltr'>pe-</span> 
     </span>
    </p>
   </div>
   <div class='ocr_carea' id='block_1_3' title="bbox 354 2881 1831 3023">
    <p class='ocr_par' dir='ltr' id='par_1_3' title="bbox 354 2881 1831 3023">
     <span class='ocr_line' id='line_1_25' title="bbox 358 2881 754 2941; baseline 0 -13"><span class='ocrx_word' id='word_1_165' title='bbox 358 2883 406 2941; x_wconf 92' lang='grc'>1)</span> <span class='ocrx_word' id='word_1_166' title='bbox 441 2881 555 2929; x_wconf 92' lang='lat' dir='ltr'>Luc.</span> <span class='ocrx_word' id='word_1_167' title='bbox 594 2881 639 2940; x_wconf 93' lang='lat'>1,</span> <span class='ocrx_word' id='word_1_168' title='bbox 675 2881 754 2929; x_wconf 84' lang='lat'>48.</span> 
     </span>
     <span class='ocr_line' id='line_1_26' title="bbox 354 2960 1831 3023; baseline -0.001 -14"><span class='ocrx_word' id='word_1_169' title='bbox 354 2962 407 3023; x_wconf 86' lang='lat'>2)</span> <span class='ocrx_word' id='word_1_170' title='bbox 440 2962 503 3009; x_wconf 91' lang='lat'>11.</span> <span class='ocrx_word' id='word_1_171' title='bbox 539 2961 591 3009; x_wconf 88' lang='lat' dir='ltr'>in</span> <span class='ocrx_word' id='word_1_172' title='bbox 623 2962 736 3009; x_wconf 89' lang='lat' dir='ltr'>Luc.</span> <span class='ocrx_word' id='word_1_173' title='bbox 772 2976 821 3008; x_wconf 88' lang='lat' dir='ltr'>u.</span> <span class='ocrx_word' id='word_1_174' title='bbox 862 2962 934 3008; x_wconf 82' lang='lat'>16.</span> <span class='ocrx_word' id='word_1_175' title='bbox 1496 2961 1544 3021; x_wconf 88' lang='grc'>3)</span> <span class='ocrx_word' id='word_1_176' title='bbox 1580 2961 1714 3008; x_wconf 78' lang='lat' dir='ltr'>VerS.</span> <span class='ocrx_word' id='word_1_177' title='bbox 1748 2960 1831 3007; x_wconf 86' lang='lat'>41.</span> 
     </span>
    </p>
   </div>
   <div class='ocr_carea' id='block_1_4' title="bbox 391 2797 552 2804">
    <p class='ocr_par' dir='ltr' id='par_1_4' title="bbox 391 2797 552 2804">
     <span class='ocr_line' id='line_1_27' title="bbox 391 2797 552 2804; baseline 0 0"><span class='ocrx_word' id='word_1_178' title='bbox 391 2797 552 2804; x_wconf 95' lang='lat' dir='ltr'> </span> 
     </span>
    </p>
   </div>
  </div>
 </body>
</html>
