2237 3481
859 279 1166 321 PROLOGUS.
1781 264 1817 321 3

216 470 605 528 beneficiorum
649 470 753 528 tibi
792 471 1014 544 gratias
1056 472 1384 541 exsolvant3
1426 472 1521 529 sed
1550 489 1650 530 nec
1677 473 1819 546 eogi-

212 570 335 626 tare
359 586 588 642 possum
611 570 815 642 dignas
843 569 900 627 et
930 569 1103 643 pudet
1127 570 1376 642 proferre
1399 587 1510 630 non
1536 571 1738 643 dignas
1760 595 1817 629 ».

212 668 424 726 Beatus
466 685 683 741 quoque
726 669 1085 742 Augustinus
1118 667 1206 744 (1)
1251 670 1489 727 Mariam
1526 670 1819 743 alloquens

214 766 325 824 ait:
368 766 565 835 «Quid
608 766 787 824 dicam
832 767 897 825 de
940 767 996 823 te
1040 785 1257 840 pauper
1300 769 1541 841 ingenio,
1585 785 1710 826 cum
1752 770 1818 827 de

215 864 271 921 te
299 864 569 937 quidquid
611 864 799 923 dixero
841 866 1025 923 minor
1051 866 1181 922 laus
1222 865 1327 935 est,
1359 883 1526 940 quam
1568 864 1819 940 dignitas

215 963 314 1019 tua
358 963 606 1020 meretur
634 964 702 1018 „p
742 986 822 1005 -·-
862 963 1029 1031 Item,
1093 964 1367 1036 quomodo
1433 965 1640 1038 linqua
1690 982 1819 1023 mea

213 1060 557 1133 rudissima,
602 1060 873 1134 quomodo
936 1062 1377 1134 interpretativa
1440 1080 1562 1121 mea
1623 1064 1821 1121 aridis·

214 1162 356 1218 sima
399 1160 457 1216 in
497 1160 831 1218 enarrandis
872 1160 1085 1218 Mariae
1130 1161 1390 1219 laudibus
1436 1178 1543 1220 non
1577 1162 1818 1230 deficiat,

213 1276 338 1316 cum
382 1260 439 1315 in
483 1258 575 1316 his
616 1259 711 1316 ille
755 1259 1160 1317 disertissimae
1203 1260 1429 1332 linguae
1462 1261 1820 1333 Augustinus

213 1374 324 1415 non
370 1356 659 1415 sufficiat?
700 1356 802 1414 Ait
827 1358 916 1431 (2)
960 1360 1142 1415 enim:
1194 1381 1223 1409 α
1252 1358 1395 1428 Quid
1438 1376 1541 1417 nos
1584 1360 1817 1431 tantilli,

212 1455 348 1529 quid
391 1455 610 1512 actione
668 1456 879 1528 pusilli,
924 1458 979 1513 in
1037 1457 1301 1514 laudibus
1356 1457 1570 1515 Mariae
1615 1458 1819 1516 refere-

214 1571 359 1621 mu8‚
404 1570 529 1611 cum
573 1555 818 1612 omnium
849 1556 1108 1612 nostrum
1140 1555 1390 1612 membra
1421 1557 1468 1613 si
1498 1557 1553 1613 in
1591 1557 1819 1629 linguas

212 1651 594 1720 verterentur,
638 1669 759 1709 eam
823 1652 1055 1709 laudare
1120 1654 1313 1710 nullus
1376 1654 1629 1712 sufficere
1672 1655 1817 1711 vale-

211 1752 303 1810 ret
322 1753 389 1807 »Ρ
418 1784 497 1793 -
526 1752 691 1819 Item,
723 1768 847 1809 cum
878 1769 999 1808 ozon
1038 1753 1117 1809 sit
1157 1754 1415 1824 speciosa
1444 1753 1577 1811 laus
1621 1754 1684 1811 in
1724 1771 1820 1810 ore

204 1852 537 1923 peccatoris
562 1850 671 1925 (3),
702 1851 975 1923 quomodo
1018 1868 1120 1924 ego
1150 1853 1317 1908 miser
1348 1854 1605 1924 peccator
1635 1852 1816 1924 homo,

209 1948 486 2022 quomodo
527 1965 628 2022 ego
671 1949 1117 2022 indiyrzissimae
1157 1952 1309 2007 vitae
1352 1951 1665 2023 homuncio,
1695 1951 1819 2007 lau-

213 2048 313 2105 des
354 2047 569 2104 Mariae
610 2048 843 2105 audeam
889 2065 1108 2116 sonare,
1153 2066 1276 2106 cum
1320 2051 1374 2106 in
1420 2049 1510 2106 his
1553 2050 1710 2107 illum
1742 2051 1817 2107 di·

208 2147 521 2219 gnissimae
564 2147 714 2205 vitae
766 2147 1172 2221 Hieronymum
1215 2149 1436 2205 audiam
1494 2149 1820 2221 trepidare?

209 2247 302 2303 Sic
346 2261 587 2317 namque
628 2245 764 2301 dicit
789 2245 906 2318 (4):
953 2268 981 2296 «
1010 2247 1198 2304 Timeo
1243 2249 1384 2304 satis
1414 2248 1471 2304 et
1500 2247 1661 2304 valde
1694 2265 1820 2319 per-

212 2346 464 2410 timesce,
509 2345 640 2404 dum
707 2346 914 2401 vestris
979 2348 1143 2417 cupio
1208 2363 1403 2417 parere
1458 2347 1817 2418 profectibus»,

209 2460 281 2500 ne
327 2442 476 2500 forte
520 2443 667 2499 sicut
707 2443 1018 2514 improbus,
1051 2444 1134 2500 ita
1162 2443 1219 2500 et
1249 2445 1514 2517 indignus
1557 2445 1819 2503 laudator

342 2630 388 2688 1)
425 2629 572 2676 Sorm.
625 2630 736 2676 208.
791 2629 940 2689 (alias
990 2631 1089 2689 35.)
1141 2631 1198 2677 de
1246 2630 1433 2678 Sanctis
1485 2631 1629 2690 (inter
1676 2646 1818 2691 opera

210 2710 443 2769 August.)
478 2724 527 2756 n.
563 2711 611 2756 5.

339 2792 388 2850 2)
426 2791 534 2837 Loe.
570 2790 656 2837 cit.
694 2805 741 2837 n.
779 2790 825 2837 4.

340 2871 388 2931 3)
424 2871 570 2919 Eeeli.
612 2872 687 2930 15,
724 2873 770 2919 9.

338 2952 389 3011 4)
426 2952 534 2999 Loe.
570 2951 654 2999 eit.
691 2967 739 2999 n.
776 2952 822 3000 4.
859 2954 909 3000 et
940 2954 989 3000 5.
