2237 3481
120 2903 341 3006 Ἤ.

423 267 500 325 36
931 281 1220 325 SPECULUM
1261 282 1312 323 B.
1357 282 1419 324 11.
1462 283 1517 324 v.

421 474 592 533 Vides
654 475 836 542 modo,
896 474 1167 548 quomodo
1236 474 1418 531 Maria
1486 473 1574 530 est
1642 473 2018 530 illuminatrix

423 574 613 630 mundi
660 591 757 645 per
798 573 1051 644 exempla
1090 572 1466 629 lucidissimae
1510 572 1659 628 vitae
1702 588 1853 628 suae.

578 652 825 729 Secffindo
866 671 1171 738 considera,
1215 671 1519 737 carissime,
1549 669 1695 743 quod
1723 669 1904 726 Maria
1932 670 2021 726 est

417 770 793 827 illuminatrix
837 769 1027 827 mundi
1070 786 1171 842 per
1215 767 1487 838 beneficia
1513 768 1888 825 lucidissimae
1916 768 2021 824 ‘mc‘-

416 870 765 927 sericordiae
807 885 956 935 suae,
1002 884 1100 940 per
1141 884 1306 940 quam
1352 867 1518 923 multi
1560 867 1617 923 in
1662 865 1821 924 nocte
1848 864 2019 923 huius

418 968 623 1025 sacculi
680 967 985 1024 illuminati
1038 967 1176 1024 sunt
1218 966 1613 1037 spiritualiter,
1658 965 1804 1023 sicut
1845 982 2019 1037 quan-

418 1066 594 1138 doque
638 1065 739 1123 filii
781 1065 962 1122 Israel
1007 1082 1106 1137 per
1148 1065 1460 1122 columnam
1505 1065 1655 1137 ignis
1710 1064 2018 1121 illuminati

419 1163 650 1221 fuerunt
690 1163 1076 1234 corporaliter,
1122 1164 1280 1219 iuxta
1321 1162 1461 1219 illud
1502 1161 1715 1219 Psalmi
1739 1160 1860 1235 (l):
1906 1162 2019 1219 De-

418 1262 590 1319 duxit
628 1278 721 1319 eos
764 1263 827 1317 in
887 1261 1034 1318 nube
1090 1260 1204 1317 diei
1260 1263 1314 1318 et
1371 1262 1493 1317 tota
1546 1262 1708 1316 nocte
1761 1260 1828 1316 in
1875 1259 2019 1316 illu-

415 1361 735 1417 minatione
777 1361 949 1434 iqnis,
991 1359 1174 1416 Maria
1217 1359 1375 1417 nobis
1404 1359 1491 1416 est
1520 1359 1791 1415 columna
1819 1358 2018 1430 nubc‘S,

414 1459 545 1531 quia
586 1458 855 1530 tanquam
900 1458 1076 1515 nubes
1118 1474 1221 1514 nos
1259 1458 1513 1530 proteyit
1552 1457 1624 1512 ab
1665 1456 1828 1513 aestu
1872 1456 2017 1512 divi-

415 1573 520 1613 nae
563 1556 984 1627 indignationis,
1030 1556 1278 1627 protegit
1320 1555 1488 1612 etiam
1532 1554 1604 1611 ab
1633 1554 1791 1611 aestu
1822 1553 2017 1612 diabo-

415 1656 553 1712 licae
576 1655 926 1721 tentationiS,
945 1656 1092 1711 sicut
1113 1655 1317 1711 iterum
1342 1654 1545 1710 dicitur
1561 1654 1616 1709 in
1641 1652 1868 1710 Psalmo
1894 1653 2011 1725 (2):

415 1754 725 1825 Expandi}
763 1754 969 1811 nubem
1013 1755 1076 1810 in
1107 1754 1525 1824 protectionem
1567 1769 1785 1809 corum.
1829 1752 2015 1810 Maria

415 1868 630 1924 quoque
674 1852 943 1908 columna
986 1852 1139 1925 iynis
1180 1852 1267 1907 est
1310 1850 1660 1910 illuminans
1688 1867 1814 1921 nos,
1843 1851 2014 1910 immo

414 1951 562 2006 corte
625 1951 953 2007 illuminans
1018 1949 1279 2007 mundum
1348 1949 1542 2006 multis
1605 1948 2014 2006 misericordiae

417 2065 550 2105 suae
594 2048 892 2105 boneficiis
938 2048 1077 2116 Quid
1123 2065 1225 2104 nos
1280 2048 1468 2104 miseri
1512 2048 1569 2104 et
1624 2064 1726 2105 uos
1783 2048 2014 2105 obtene-

413 2145 581 2214 brati,
623 2147 756 2218 quid
798 2148 854 2203 in
898 2147 1057 2203 nocte
1099 2146 1267 2203 huius
1323 2146 1530 2202 saeculi
1587 2145 1916 2214 faceremuS,
1965 2148 2011 2204 si

414 2245 532 2301 tam
574 2244 811 2301 lucidam
855 2246 1161 2310 lucernam,
1207 2246 1251 2300 si
1295 2245 1412 2301 tam
1440 2245 1775 2303 luminosam
1806 2246 2013 2302 colum·

413 2360 542 2400 nam
586 2360 693 2399 non
740 2343 1111 2399 haberemus?
1153 2342 1294 2411 Quid
1350 2344 1495 2399 euim
1554 2344 1710 2400 totus
1765 2344 2012 2401 mundus

412 2442 644 2506 valeret,
689 2443 732 2498 si
778 2442 947 2498 solem
992 2458 1102 2498 11011
1149 2440 1423 2498 haberet?
1464 2441 1706 2513 Propter
1733 2441 1835 2500 hoc
1872 2443 2012 2500 bene

411 2541 494 2597 ait
522 2539 845 2597 Bernardus
868 2539 988 2614 (3):
1030 2563 1058 2590 «
1083 2540 1238 2598 Tollo
1265 2557 1468 2611 corpus
1497 2539 1600 2596 hoc
1630 2540 1831 2608 solare,
1861 2540 2010 2612 quod

538 2789 582 2848 1)
620 2789 791 2834 Psalm.
833 2789 908 2845 77,
948 2787 1029 2842 14;
1066 2788 1154 2835 cfr.
1191 2787 1340 2835 Exod.
1381 2787 1455 2845 13,
1490 2788 1569 2834 21.

533 2870 581 2928 2)
621 2870 790 2915 Psalm.
832 2869 936 2926 104,
975 2869 1051 2915 39.

535 2951 582 3009 3)
608 2949 753 2996 Serm.
790 2949 838 2996 in
863 2949 1026 2996 Nativ.
1052 2951 1106 2996 B.
1136 2950 1199 2996 M.
1226 2951 1282 2997 V.
1308 2950 1406 2997 sive
1429 2950 1484 2998 de
1516 2950 1837 3009 Aquaeduetu,
1872 2966 1920 2999 11.
1958 2953 2005 3000 6.

303 3221 525 3371 hs
