2237 3481
859 299 1059 348 an‘no
1100 300 1178 344 x1.
1335 311 1344 312 ff
1461 235 1465 240 »
1707 285 1821 348 149

202 497 325 549 ster
366 489 529 565 iynis
570 507 912 551 consumens
973 497 1073 551 est.
1139 493 1247 552 Hic
1290 496 1439 567 ignis
1480 511 1593 554 non
1638 496 1819 554 solum

204 588 316 646 fuit
357 590 417 646 in
461 590 604 648 rubo
645 589 792 648 uteri
835 592 1151 664 virginalis,
1197 592 1293 649 sed
1348 592 1518 650 etiam
1575 594 1631 650 in
1677 594 1815 652 rubo

202 688 396 746 devoti
437 688 622 747 cordis
664 687 770 746 est.
812 689 979 748 Hunc
1021 707 1263 763 namque
1301 692 1486 765 ignem
1516 691 1818 749 senserunt

201 787 301 858 qui
345 784 628 854 dixerunt,
671 786 854 844 Lucae
897 788 1168 860 vigesimo
1209 787 1414 861 quarto
1439 787 1561 863 (1):
1608 790 1819 849 Nonne

203 900 309 941 cor
352 887 624 942 nostrum
664 884 876 943 ardens
905 889 1036 943 erat
1060 888 1126 943 in
1153 886 1322 946 nobis
1350 886 1456 945 etc.
1473 888 1501 943 P
1540 919 1620 930 —
1644 887 1812 957 Item,

202 980 475 1039 Christus
519 981 608 1039 est
651 981 807 1053 lapis
845 982 1095 1052 firmans
1138 1000 1240 1042 nos
1281 984 1479 1043 contra
1519 985 1814 1054 defectum,

200 1081 250 1138 si
318 1079 459 1137 bene
511 1079 734 1137 fundati
801 1079 1074 1139 fuerimus
1138 1098 1309 1154 super
1376 1084 1593 1154 ipsum3
1670 1083 1817 1142 unde

199 1177 487 1235 Matthaei
529 1177 771 1251 septimo
794 1178 918 1253 (2):
964 1179 1278 1237 Descendit
1306 1169 1520 1252 pluvia
1553 1183 1609 1238 et
1647 1197 1809 1239 vene·

196 1278 350 1333 runt
396 1275 650 1346 flumina
690 1279 746 1333 et
784 1276 1075 1347 flaverunt
1113 1278 1269 1334 venti
1309 1280 1365 1334 et
1402 1278 1708 1336 irrue-runt
1750 1281 1815 1336 in

195 1375 441 1446 domum
502 1373 695 1446 illam,
756 1377 812 1432 et
863 1391 986 1431 non
1044 1374 1283 1446 cecidit,·
1342 1373 1597 1444 fundata
1659 1378 1811 1434 enim

195 1474 333 1529 erat
370 1475 846 1544 suprapetram.
909 1472 1067 1540 Ecce,
1111 1489 1213 1531 nec
1244 1472 1458 1544 pluvia
1496 1473 1812 1533 haereticae

194 1569 555 1643 eloquentiae
598 1588 699 1628 nec
739 1571 989 1641 flumina
1051 1571 1369 1629 mundanae
1424 1574 1811 1645 concupiscen-

193 1669 310 1726 tiae
341 1684 445 1726 nec
485 1669 640 1726 venti
679 1668 961 1726 humanae
1002 1669 1303 1728 violentiae
1332 1685 1526 1727 nocere
1570 1671 1812 1743 possunt

194 1767 390 1826 domui
453 1767 660 1825 mentis
723 1785 899 1840 supra
961 1768 1184 1840 petram
1242 1768 1455 1826 Christi
1517 1769 1805 1827 fundatae.

196 1865 346 1936 Quid
389 1882 525 1940 ergo
566 1867 671 1934 est,
717 1866 865 1939 quod
906 1866 990 1925 sol
1035 1868 1156 1925 sine
1198 1867 1346 1925 nube
1387 1867 1587 1934 oritur,
1634 1867 1810 1926 rubus

191 1965 317 2022 sine
367 1964 754 2023 combustione
796 1965 1033 2037 ignitur,
1087 1965 1236 2037 lapis
1299 1966 1418 2022 sine
1483 1981 1651 2022 manu
1715 1966 1809 2023 ab·

191 2061 495 2131 scinditur,
539 2063 651 2120 nisi
713 2063 861 2135 quod
925 2061 1207 2129 ChristuS,
1266 2063 1361 2135 qui
1424 2062 1512 2120 est
1573 2063 1666 2121 Sol
1717 2081 1806 2121 ve-

190 2159 412 2229 ritatis,
454 2160 605 2234 ignis
646 2160 925 2227 caritati8‚
982 2161 1132 2233 lapis
1190 2160 1482 2218 firmitatis
1534 2161 1651 2218 sive
1713 2179 1806 2219 ae-

193 2257 514 2327 ternitatis,
557 2260 678 2330 ipse
720 2259 1032 2330 concipitur
1082 2259 1140 2316 et
1195 2258 1450 2316 nascitur
1492 2260 1611 2316 sine
1655 2260 1801 2318 nube

193 2355 416 2429 peccati
458 2356 771 2429 originaliS,
815 2357 935 2413 sine
984 2356 1366 2415 combustione
1416 2358 1802 2429 concupiscen-

189 2455 308 2511 tiae
363 2453 631 2520 carnali8‚
696 2454 817 2511 sine
889 2454 1148 2511 manibus
1213 2454 1505 2527 amplexus
1567 2455 1802 2513 marita·

188 2552 309 2610 lis?
349 2551 423 2609 In
464 2551 824 2624 conceptione
865 2553 1013 2609 enim
1068 2552 1282 2611 Christi
1346 2570 1447 2612 nec
1511 2553 1799 2627 peccatum

189 2649 373 2724 prolis
431 2666 532 2707 nec
593 2651 1102 2723 concupiscentiam
1166 2651 1366 2711 matris
1424 2670 1526 2712 nec
1584 2655 1799 2726 ample-

187 2765 299 2806 xus
343 2746 531 2820 patris
572 2748 843 2807 invenies,
888 2747 1042 2816 Quod
1072 2748 1261 2807 autem
1303 2750 1479 2825 Virgo
1518 2752 1637 2809 sine
1679 2752 1799 2811 viro

320 2961 367 3022 1)
406 2961 542 3009 vers·
581 2959 658 3007 32.
1459 2963 1510 3025 2)
1546 2963 1681 3012 Vers.
1713 2963 1818 3025 25..
