2237 3481
128 2880 333 3035 *²*

336 3064 339 3077 ;
366 3066 373 3073 a

336 3080 365 3097 ‘v-

303 3090 491 3374 ἃ

480 3318 491 3327 ο

439 257 553 316 148
943 276 1235 317 SPECULUM
1279 276 1331 317 B.
1373 278 1435 317 M.
1482 277 1537 319 v.
1659 304 1663 307 -

445 467 657 526 «Recte
678 467 918 541 quidem,
948 483 978 525 o
1007 467 1207 536 Maria,
1238 466 1478 526 officium
1509 484 1746 526 aurorae
1768 469 2025 541 implesti.

433 566 567 639 Ipse
610 567 756 623 enim
800 566 892 625 Sol
938 564 1189 623 iustitiae
1232 566 1298 623 de
1340 566 1397 623 te
1440 582 1809 639 processurus
1848 568 2027 626 ortum

435 681 598 722 suum
643 665 885 738 quadam
928 664 1214 722 matutina
1255 665 1620 723 irradiatione
1649 667 2029 737 praevenienS,

432 763 491 821 in
535 762 590 820 te
631 763 774 821 lucis
819 747 952 820 suae
993 762 1182 820 radios
1223 764 1442 834 copiose
1481 761 1872 821 transfudit».
1900 765 2032 823 Dux

431 861 601 918 huius
643 877 896 919 aurorae
924 853 1261 918 mirabiliter
1288 860 1606 934 rutilabat,
1636 862 1853 919 oriente
1880 861 2029 937 Sole,

431 960 642 1034 absque
704 960 965 1029 nubibuS,
1019 959 1076 1017 id
1139 959 1227 1017 est
1287 959 1553 1017 nascente
1618 959 1845 1019 Christo
1906 962 2038 1019 abs-

431 1076 537 1133 que
580 1059 876 1132 originalis
918 1058 1131 1132 peccati
1161 1058 1621 1117 obscuritatibus,
1650 1058 1809 1129 Ecce,
1839 1059 1931 1119 hic
1959 1061 2035 1118 di-

429 1158 595 1227 citur,
640 1158 788 1232 quod
828 1158 921 1215 sol
959 1157 1171 1230 absque
1212 1157 1457 1215 nubibus
1501 1157 1700 1227 oritur,
1758 1159 1817 1215 et
1858 1158 2036 1218 Exodi

428 1256 598 1315 tertio
623 1256 711 1332 (1)
743 1256 967 1325 dicitur,
1012 1255 1161 1328 quod
1202 1255 1386 1314 rubus
1413 1255 1625 1328 absque
1653 1256 2036 1316 combustione

430 1355 667 1428 ignitur,
710 1354 767 1413 et
810 1355 1063 1412 Danielis
1105 1353 1345 1412 secundo
1371 1353 1460 1428 (2)
1506 1353 1729 1424 dicitur,
1773 1356 1926 1428 quod
1957 1356 2035 1413 la·

419 1454 520 1525 pis
577 1455 702 1528 sinc
751 1453 1025 1510 manibus
1087 1452 1467 1509 abscinditur.
1532 1452 1675 1521 Quid
1735 1470 1873 1526 ergo
1937 1472 2036 1528 per

429 1552 621 1619 solem,
665 1551 799 1624 quid
841 1567 940 1622 per
1002 1551 1209 1622 ignem,
1266 1551 1400 1622 quid
1464 1567 1563 1623 per
1612 1551 1861 1623 lapidem
1926 1553 2038 1610 nisi

427 1649 688 1707 Christus
732 1649 1035 1723 signatur?
1076 1648 1211 1721 Ipse
1253 1649 1399 1705 enim
1443 1649 1531 1706 est
1573 1649 1658 1707 sol
1699 1649 2041 1708 illuminans

426 1749 794 1817 intellectum,
851 1749 1002 1821 ignis
1056 1748 1363 1806 accendens
1425 1747 1706 1818 affectum,
1764 1749 1922 1823 lapis
1946 1751 2038 1826 (3)

426 1848 666 1907 firmans
706 1864 809 1907 nos
850 1848 1048 1906 contra
1089 1846 1385 1905 defectum.

585 1948 742 2016 Dic0‚
785 1947 933 2020 quod
973 1947 1138 2004 Iesus
1194 1944 1460 2003 Christus
1514 1945 1602 2003 est
1657 1945 1751 2004 sol
1805 1946 2043 2006 illumi·

422 2062 575 2104 nans
595 2045 966 2118 intellectum,
994 2044 1154 2101 iuxta
1176 2043 1318 2101 illud
1338 2042 1649 2101 Malachiae
1678 2044 1887 2117 quarto
1915 2047 2041 2121 (4):

431 2143 670 2203 Orietur
709 2144 869 2201 vobis
913 2143 1244 2201 timentibus
1293 2158 1501 2200 nomen
1561 2159 1752 2200 mewa
1795 2143 1909 2202 Sol
1953 2146 2044 2203 iu-

421 2238 641 2302 stitiae.
683 2241 823 2299 Vide
866 2258 1016 2314 ergo,
1061 2242 1108 2298 si
1152 2240 1353 2298 timeas
1383 2240 1718 2311 Dominum3
1749 2243 2044 2315 scriptum

422 2342 630 2413 quippe
672 2341 761 2399 est
783 2341 904 2415 (5):
957 2341 1071 2416 Qui
1115 2341 1275 2397 timet
1317 2340 1510 2396 Deum
1571 2338 1728 2397 nihil
1767 2341 2042 2416 myliyit.

423 2473 502 2481 -—
542 2440 708 2507 Item,
755 2440 1016 2497 Christus
1058 2438 1147 2497 est
1187 2438 1345 2512 iynis
1388 2437 1697 2496 accendens
1726 2438 2044 2510 affectum3

421 2539 505 2596 ait
546 2540 694 2597 enim
736 2539 1049 2612 Apostolus
1109 2539 1181 2596 ad
1241 2537 1529 2595 Hebraeos
1554 2537 1675 2613 (6):
1720 2539 1893 2599 Deus
1940 2558 2048 2599 no-

547 2710 591 2769 1)
626 2709 760 2755 Vers.
797 2709 844 2754 2.
1351 2694 1354 2699 ”
1679 2705 1730 2765 2)
1766 2707 1911 2755 Vers.
1956 2708 2041 2755 34.

545 2789 592 2848 3)
627 2789 717 2835 Hic
748 2791 798 2835 et
828 2788 954 2834 infra
987 2788 1025 2834 A
1059 2786 1194 2834 addit
1225 2790 1511 2833 sustentans
1542 2790 1721 2832 contra
1754 2802 1956 2836 casum.

539 2868 591 2928 4)
628 2869 762 2915 Vers.
797 2869 844 2914 2.
1578 2867 1629 2926 5)
1664 2867 1823 2916 Eccle.
1862 2871 1913 2928 7,
1960 2869 2043 2916 19.

543 2949 592 3008 6)
629 2947 742 3007 Cap.
783 2948 858 3006 12,
894 2948 972 2995 29.
