2237 3481
426 251 543 310 208
933 265 1226 311 SPECULUM
1266 270 1319 310 B.
1360 270 1424 311 M.
1470 270 1524 313 v.

426 458 632 518 tertius
672 458 847 518 habet
885 459 1004 518 dies
1045 458 1103 518 et
1143 476 1259 518 non
1302 458 1514 518 noc-tes,
1545 459 1698 529 Dico,
1742 458 1892 532 quod
1923 460 2035 531 pri-

426 574 553 616 mus
592 574 779 615 annus
805 556 979 616 habet
1018 557 1138 615 dies
1177 557 1237 616 et
1276 556 1490 627 nocteS,
1533 557 1590 614 id
1630 559 1719 616 est
1756 556 1937 615 bonos
1978 556 2036 616 et

426 656 624 725 maloS,
666 656 762 728 qui
803 655 971 713 simul
1013 656 1071 713 in
1115 655 1221 718 hoc
1261 656 1470 714 mundo
1512 654 1665 713 sunt.
1695 653 1804 714 Tot
1838 654 2033 713 autem

426 753 564 811 sunt
603 753 721 812 dies
762 754 821 811 et
861 753 1056 812 noctes
1096 755 1153 811 in
1197 752 1303 812 hoc
1342 769 1510 822 anno,
1554 753 1693 826 quot
1729 752 1873 829 sunt
1902 753 2035 812 boni

427 851 486 909 et
526 851 664 908 mali
704 852 763 908 in
806 851 1033 909 mundo.
1073 851 1360 918 Secundus
1414 867 1601 908 annus
1651 850 1830 909 habet*
1880 851 2034 909 solas

424 949 636 1017 noctes,
677 949 735 1007 id
777 948 869 1008 est
908 950 1058 1008 solos
1101 950 1422 1021 peccatores
1463 947 1723 1007 noctibus
1771 948 2035 1007 tenebro-

427 1048 622 1106 siores,
663 1047 771 1106 Tot
810 1047 1000 1105 autem
1042 1047 1180 1105 sunt
1219 1048 1412 1106 noctes
1439 1048 1498 1105 in
1540 1046 1645 1105 hoc
1682 1062 1853 1116 anne,
1896 1046 2035 1119 quot

428 1144 566 1202 sunt
606 1144 928 1218 peccatores
982 1147 1040 1203 in
1082 1145 1321 1204 inferno.
1363 1144 1589 1203 Tertius
1630 1161 1818 1202 annus
1860 1144 2036 1203 habet

336 1244 339 1247 ’
431 1244 581 1302 30103
622 1243 759 1312 ᾱί03,
802 1243 859 1300 id
898 1244 987 1302 est
1029 1243 1178 1302 solos
1220 1242 1395 1302 bonos
1449 1243 1537 1300 die
1587 1243 1878 1301 clariores,
1929 1242 2037 1301 Tot

426 1340 618 1399 autem
660 1340 797 1399 sunt
837 1341 956 1399 dies
996 1342 1055 1398 in
1096 1341 1202 1399 hoc
1243 1356 1410 1408 anno,
1441 1339 1581 1413 quot
1621 1339 1759 1398 sunt
1798 1340 1940 1398 iusti
1977 1341 2034 1398 in

427 1439 599 1498 caelo.
628 1439 699 1497 In
744 1439 925 1511 primo
953 1455 1103 1498 auno
1132 1438 1593 1511 aequanimitatis
1635 1438 1765 1498 boui
1810 1438 1870 1496 et
1898 1439 2036 1496 mali

426 1537 835 1611 aequanimiter
878 1536 1217 1606 tolerantur,
1259 1539 1318 1595 in
1375 1537 1615 1596 secundo
1671 1553 1823 1595 anno
1878 1554 2035 1596 seve-

430 1635 623 1694 ritatis
665 1637 801 1694 mali
830 1638 1181 1694 severissime
1208 1636 1552 1705 cruciantur,
1582 1637 1641 1693 in
1683 1635 1855 1694 tertio
1884 1652 2035 1695 anno

425 1735 797 1810 benignitatis
839 1734 970 1795 boni
1010 1734 1410 1809 benignissime
1452 1735 1816 1794 coronantur.
1850 1735 2036 1794 Huius

424 1833 614 1892 autem
659 1836 794 1892 anni
837 1833 1130 1892 benedicta
1159 1850 1378 1891 corona
1419 1833 1508 1891 est
1535 1832 1830 1891 benedicta
1859 1834 2035 1907 Virgo

428 1933 625 1990 Maria.
686 1933 825 2005 Ipsa
886 1932 1037 1991 certe
1098 1932 1188 1991 est
1250 1948 1455 1991 corona
1512 1933 1760 1991 omnium
1816 1932 2035 1991 dierum

425 2031 594 2089 huius
621 2032 776 2100 anni,
820 2032 952 2104 quia
982 2032 1107 2103 ipsa
1150 2030 1239 2089 est
1279 2047 1484 2089 corona
1522 2032 1771 2089 omnium
1818 2031 2038 2090 sancto-

426 2146 553 2187 rum
595 2130 654 2186 in
696 2129 867 2188 caelo.
926 2128 1145 2187 Corona
1202 2130 1350 2185 enim
1407 2145 1577 2200 super
1632 2128 1808 2200 caput
1862 2129 2037 2188 locari

426 2227 588 2296 solet,
632 2228 711 2285 sic
752 2227 933 2284 Maria
975 2244 1147 2298 super
1188 2227 1378 2299 capita
1416 2227 1663 2285 omnium
1707 2226 2038 2286 sanctorum

424 2325 610 2385 locata
672 2325 777 2393 est,
842 2325 1080 2398 desuper
1143 2324 1333 2397 capita
1404 2326 1651 2384 omnium
1708 2326 2036 2384 sanctorum

428 2423 682 2481 exaltata
710 2424 815 2491 est,
848 2423 995 2480 sicut
1023 2422 1274 2481 testatur
1303 2423 1504 2480 beatus
1532 2422 1918 2495 Hieronymus
1951 2422 2038 2498 (1)

426 2521 644 2580 dicens:
698 2543 728 2573 α
749 2521 1008 2579 Exaltari
1037 2521 1245 2579 meruit
1273 2538 1444 2593 super
1472 2520 1672 2581 choros
1700 2522 2037 2594 angelorum

426 2621 484 2678 et
526 2620 784 2692 pervenit
825 2620 999 2688 ultra,
1043 2637 1213 2693 quam
1255 2619 1486 2678 nostrae
1546 2617 1898 2677 humilitatis
1955 2620 2042 2678 est

423 2717 634 2775 natura
661 2740 719 2773 ».
762 2716 944 2775 Filius
987 2717 1138 2775 certe
1180 2717 1393 2775 Mariae
1436 2717 1524 2775 est
1566 2732 1786 2774 summa
1818 2718 2041 2777 sancto-

556 2927 601 2986 1)
637 2926 794 2985 Epist.
831 2927 915 2975 cit.
954 2942 1003 2974 n.
1042 2930 1088 2976 7.
