2237 3481
400 248 516 310 100
907 268 1199 310 SPECULUM
1240 269 1292 309 B.
1335 269 1398 310 M.
1441 269 1496 311 v.

395 459 582 517 terrae
625 459 958 531 plenitudo?
1001 460 1146 519 Audi
1179 459 1300 535 (1):
1346 460 1594 518 Domini
1634 464 1719 519 est
1761 464 1925 519 terra
1956 464 2015 520 et

384 556 694 628 plenitudo
736 557 877 615 eius.
920 556 997 615 Et
1035 557 1242 615 iterum
1291 559 1347 614 in
1399 558 1628 617 Psalmo
1659 558 1782 633 (2):
1827 559 2013 619 Meus

394 656 480 712 esi
527 654 684 713 orbis
749 658 939 713 terrae
999 657 1055 713 et
1102 656 1418 728 plenitudo
1479 657 1622 714 eius.
1679 656 2012 716 Plenitudo

393 750 581 810 terrae
607 751 871 811 consistit
908 755 967 811 in
1010 753 1289 812 fructibus
1331 754 1388 812 et
1428 755 1667 812 diversis
1701 756 2014 835 possessio·

394 850 562 908 nibus
602 850 808 918 terrae,
852 851 1010 909 iuxta
1052 852 1194 910 illud
1226 837 1567 910 Psalmistae
1590 852 1713 926 (3):
1745 852 2013 924 Impleia

393 952 480 1007 est
520 952 676 1006 terra
706 950 1070 1022 possessione
1110 952 1254 1008 eius.
1297 951 1543 1009 Fructus
1573 950 1762 1008 autem
1793 950 1853 1008 et
1883 967 2013 1023 pos-

396 1048 673 1106 sessiones
717 1048 1074 1120 plenissimae
1116 1049 1303 1106 terrae
1347 1050 1560 1106 Mariae
1617 1049 1755 1106 sunt
1809 1066 2009 1121 opera,

394 1161 596 1213 meree,
639 1147 893 1218 exempla
942 1146 1000 1203 et
1059 1147 1264 1204 merita
1324 1147 1548 1205 diversa
1610 1147 2012 1206 sanctissimae

394 1244 544 1302 vitae
598 1244 830 1302 Mariae.
881 1245 1113 1302 Talibus
1170 1246 1314 1303 enim
1373 1246 1823 1317 possessionibus
1882 1263 2009 1303 eam

393 1343 669 1401 Dominus
698 1342 939 1415 replevit
965 1344 1024 1400 et
1052 1343 1315 1414 implevit
1340 1344 1515 1401 illam
1548 1344 1715 1402 bonis
1740 1345 1870 1403 suis
1893 1345 2009 1419 (4).

393 1441 476 1498 De
516 1440 623 1498 hac
663 1441 783 1497 eius
826 1440 1176 1512 plenitudine
1223 1442 1603 1514 Hieronymus
1634 1441 1723 1516 (5)
1768 1445 2010 1501 mentio·

392 1556 516 1597 nem
561 1538 789 1606 faciens,
832 1540 1046 1612 inquit:
1100 1562 1129 1591 α
1158 1539 1390 1597 Talibus
1434 1539 1667 1597 decebat
1704 1539 2009 1613 Virginem

391 1638 758 1710 oppignorari
807 1638 1152 1705 muneribuS‚
1209 1637 1276 1695 ut
1336 1638 1487 1696 esset
1545 1639 1735 1711 gratia
1798 1640 2010 1711 plena3

389 1753 530 1810 quae
572 1735 726 1794 dedit
765 1736 935 1794 caelis
976 1735 1237 1809 gloriam,
1287 1735 1459 1794 terris
1523 1735 1719 1805 Deum,
1785 1754 2011 1810 pacem·

391 1851 498 1908 que
542 1834 768 1902 refudit,
810 1834 978 1892 finem
1022 1834 1196 1904 vitiis,
1240 1834 1490 1893 ordinem
1533 1836 1703 1902 vitae,
1747 1836 2011 1895 moribus

391 1932 745 2004 disciplinam
775 1955 831 1990 ».

553 2029 768 2099 Quarto
809 2030 1240 2099 consideremuS,
1284 2030 1579 2097 carissimi,
1619 2030 1766 2103 quod
1815 2032 2012 2091 Maria

392 2130 561 2201 plena
603 2128 693 2186 est
732 2129 1003 2189 unctione
1042 2127 1495 2200 misericordiae,
1527 2129 1696 2200 plena
1738 2129 1861 2188 oleo
1893 2133 2012 2202 pie·

390 2227 563 2296 tatis3
606 2226 753 2284 unde
795 2227 922 2298 ipsa
965 2226 1193 2298 signata
1242 2242 1361 2283 esse
1426 2225 1614 2297 potest
1675 2242 1777 2298 per
1840 2228 2009 2287 illam

393 2325 701 2391 mulierem,
743 2325 830 2382 cui
873 2325 1064 2383 clauso
1109 2325 1252 2382 ostio
1293 2324 1511 2391 domuS,
1540 2325 1728 2383 omnia
1758 2341 1902 2383 vasa
1926 2328 2012 2385 in-

390 2455 496 2462 ———

520 2530 564 2590 1)
601 2530 775 2576 Psalm.
810 2529 892 2587 23,
932 2528 974 2574 1.

513 2611 563 2670 2)
600 2610 774 2657 Psalm.
810 2609 889 2668 49,
930 2609 1001 2656 12.
1419 2644 1438 2653 ‚
1466 2608 1514 2668 3)
1551 2609 1726 2655 Psalm.
1767 2608 1877 2667 103,
1917 2611 2001 2658 24.

512 2693 563 2751 4)
598 2691 746 2739 Eccli.
785 2691 860 2750 16,
889 2691 974 2744 3ος
999 2691 1039 2737 Α
1073 2692 1124 2738 et
1144 2690 1257 2737 Vat.
1282 2691 1489 2738 addunt:
1522 2707 1546 2733 α
1563 2691 1617 2736 ut
1639 2688 1816 2736 dicitur
1839 2689 1893 2736 in
1918 2692 2009 2738 Ec-

389 2773 657 2822 clesiastico
701 2774 763 2833 (c.
803 2773 880 2831 16,
915 2773 1042 2832 30.):
1078 2772 1323 2818 Dominus
1354 2771 1409 2817 in
1454 2775 1645 2818 terram
1687 2772 1919 2830 respexit
1960 2777 2010 2818 et

387 2856 615 2916 implevit
645 2869 751 2901 eam
785 2854 925 2900 bonis
954 2854 1061 2900 suis
1081 2870 1130 2899 ».

220 2960 261 2997 f„
511 2937 560 2996 5)
596 2934 752 2995 Epist.
788 2934 874 2983 cit.
910 2948 960 2980 n.
996 2934 1044 2980 5.

122 2974 397 3127 Ἃ

394 3124 403 3135 ⁷.

402 3136 421 3151 Ι-
448 3152 453 3161 ἒ

401 3158 565 3370 Ε
