2237 3481
372 248 450 307 ⁴78
881 264 1171 307 SPECULUM
1211 266 1265 307 B.
1306 265 1371 307 M.
1412 267 1467 308 v.

371 458 697 516 dulcissima
752 456 924 516 verba
978 457 1209 538 Mariae,
1253 475 1395 530 quae
1443 458 1514 515 ad
1565 458 1857 532 anyelum,
1902 460 1978 518 ad

373 556 661 613 hominem
700 555 760 613 et
799 556 870 613 ad
913 556 1106 613 Deum
1143 556 1355 629 legitur
1395 556 1679 615 habuisse.
1726 557 1852 616 Duo
1902 558 1977 615 ad

371 655 654 727 angelum,
697 654 806 712 duo
847 655 919 712 ad
959 654 1259 723 hominem,
1302 655 1415 712 tria
1455 655 1527 712 ad
1569 655 1769 713 Deum.

531 752 620 811 Ad
683 752 954 827 anyelum
1008 751 1210 812 habuit
1266 753 1500 811 verbum
1561 755 1854 813 castitatis
1917 756 1980 814 et

370 852 602 910 verbum
646 851 1018 909 humilitatis,
1061 851 1310 910 Verbum
1353 852 1639 910 castitatis
1675 853 1859 911 Maria
1901 855 1977 912 ad

369 951 634 1024 angelum
676 951 735 1007 in
774 933 940 1007 labifs
980 950 1200 1018 habuit,
1230 951 1452 1023 quando
1494 951 1697 1025 angelo
1739 968 1978 1025 respon-

369 1049 508 1107 dens
547 1049 689 1106 dixit
719 1047 840 1124 (1):
892 1048 1190 1124 Quomodo
1231 1048 1329 1119 filet
1369 1049 1549 1122 istud,
1580 1051 1867 1121 quoniam
1895 1052 1977 1110 vi-

366 1165 502 1205 rum
540 1164 661 1204 non
698 1163 973 1220 coynosco
992 1147 1024 1203 ,9
1063 1147 1185 1205 Hoc
1242 1147 1330 1205 est
1385 1147 1584 1206 contra
1639 1149 1976 1221 impudi008‚

370 1247 464 1318 qui
507 1261 619 1304 non
661 1246 838 1313 casta,
880 1262 992 1303 non
1039 1244 1258 1318 pudica,
1288 1246 1384 1304 sed
1425 1247 1707 1318 impudica
1748 1247 1806 1305 et
1848 1247 1978 1305 tur·
2041 1276 2047 1281 ·

369 1345 464 1416 pia
504 1343 562 1401 et
601 1344 854 1402 earnalia
908 1343 1080 1402 verba
1128 1345 1187 1402 in
1228 1344 1394 1402 labiis
1443 1343 1676 1402 habent.
1717 1345 1977 1405 Verbum

367 1442 556 1500 autem
604 1441 948 1500 humilitatis
989 1443 1061 1500 ad
1123 1443 1387 1516 angelum
1444 1443 1628 1500 Maria
1689 1445 1747 1501 in
1800 1444 1976 1503 labiis

366 1540 587 1613 habuit,
629 1540 851 1614 quando
893 1541 1094 1613 angelo
1157 1540 1447 1599 humiliter
1505 1542 1851 1614 respondens
1895 1543 1976 1600 di-

369 1640 453 1697 xit
483 1640 606 1715 (2):
651 1640 820 1712 Ecce,
863 1640 1085 1698 ancilla
1128 1640 1390 1712 Domini,
1431 1640 1542 1711 fiat
1581 1641 1729 1699 mihi
1769 1657 1977 1699 secun-

371 1738 511 1797 dum
551 1738 787 1797 verbum
834 1740 1014 1797 tuum.
1058 1737 1180 1797 Hoc
1219 1738 1307 1796 est
1348 1739 1547 1798 contra
1597 1739 1871 1813 superbos
1912 1742 1976 1798 et

367 1838 724 1911 arrogante&
769 1839 864 1910 qui
905 1839 971 1896 de
1015 1855 1075 1895 se
1116 1854 1219 1896 nec
1263 1838 1501 1896 humilia
1556 1838 1813 1897 sentiunt
1867 1857 1978 1899 nec

361 1936 692 2010 loquuntur,
740 1936 835 1993 sed
876 1935 1048 1994 verba
1095 1936 1400 1994 iactantiae
1440 1935 1499 1994 et
1541 1937 1855 1996 inflationis
1910 1939 1974 1996 in

365 2036 533 2095 labiis
576 2037 694 2093 suis
735 2034 966 2092 habent.
1007 2067 1086 2076 —
1126 2033 1293 2101 Item,
1335 2035 1407 2092 ad
1449 2035 1738 2092 hominem
1766 2034 1977 2094 habuit

364 2135 548 2192 Maria
589 2132 820 2191 verbum
863 2133 1134 2190 caritatis
1162 2132 1219 2190 et
1247 2133 1481 2191 verbum
1516 2134 1802 2192 veritatis.
1831 2134 1973 2193 Ver-

357 2233 498 2290 bum
539 2231 799 2290 oaritatis
839 2233 897 2289 in
942 2231 1302 2299 salutatione,
1332 2232 1566 2289 verbum
1605 2232 1870 2291 veritatis
1909 2234 1974 2291 in

363 2331 754 2389 instructione.
783 2329 1029 2388 Verbum
1073 2329 1332 2388 caritatis
1365 2330 1437 2387 ad
1465 2328 1745 2389 hominem
1784 2331 1976 2390 Maria.

364 2432 422 2488 in
463 2430 632 2487 labiis
659 2427 876 2497 habuit,
906 2427 1129 2501 quando
1159 2428 1396 2486 matrem
1435 2431 1819 2501 praecursoris
1847 2428 1973 2488 tam

362 2527 663 2587 affectuose
717 2527 999 2585 salutavit
1028 2526 1139 2601 (3),
1202 2527 1349 2599 qued
1410 2527 1579 2584 etiam
1644 2525 1850 2597 infans
1905 2530 1976 2587 in

363 2629 528 2685 utero
569 2626 695 2685 eius
735 2625 1058 2685 exsultavit.
1089 2624 1209 2683 Hoc
1246 2624 1334 2682 est
1374 2624 1571 2684 contra
1614 2641 1973 2696 rancor0808‚

493 2857 539 2918 1)
573 2858 686 2904 Luc.
726 2858 770 2916 1,
806 2855 882 2904 34.

114 2940 169 2959 ν
218 2944 351 3023 Ἦ
487 2938 536 2998 2)
572 2938 642 2985 Ib.
677 2952 722 2985 v.
759 2937 836 2984 38.
1413 2935 1461 2995 3)
1496 2935 1567 2982 lb.
1602 2948 1649 2982 v.
1684 2935 1764 2983 40.
1801 2939 1855 2985 et
1886 2937 1969 2987 44.
