2237 3481
400 240 480 297 40
908 257 1198 299 SPECULUM
1240 258 1288 298 B.
1332 258 1394 298 M.
1437 259 1491 301 v.
1557 314 1558 317 Ἴ

398 450 896 508 administratoriis
940 450 1073 517 tuis,
1116 449 1311 522 Virgo,
1355 450 1518 521 paret
1573 451 1888 523 praeceptis
1935 452 1993 508 in

397 548 753 606 defendendis
794 549 850 605 in
893 565 1124 621 corpore
1166 548 1223 605 et
1263 550 1319 606 in
1364 548 1732 620 suscipiendis
1773 548 1839 605 de
1880 565 1993 607 cor-

397 663 530 719 pore
571 646 867 704 animabus
910 647 1176 715 fidelium,
1222 647 1540 719 specialiter
1582 646 1705 719 tibi,
1748 646 1988 714 domina,

396 745 483 802 die
525 761 589 802 ac
627 744 788 802 nocte
832 762 888 805 se
918 742 1006 818 (1)
1048 738 1641 802 commendantium».
1692 777 1771 786 -
1820 745 1992 803 Vides

398 843 576 911 mod0,
617 843 889 915 quomodo
930 843 1113 900 Maria
1162 844 1250 900 est
1291 843 1514 902 domina
1558 843 1889 916 angelorum
1929 844 1988 900 in

395 943 566 1000 caelo.

555 1039 802 1097 Secundo
843 1040 1150 1108 considera,
1187 1041 1490 1108 carissime,
1520 1040 1667 1112 quod
1693 1039 1876 1096 Maria
1905 1039 1993 1097 est

395 1137 619 1194 domina
662 1136 961 1194 hominum
1002 1138 1067 1194 in
1106 1137 1361 1207 munch,-
1401 1137 1467 1195 de
1508 1137 1612 1194 hac
1668 1137 1893 1195 domina
1933 1138 1990 1195 in

395 1234 623 1293 Psalmo
655 1235 742 1310 (2)
787 1235 1021 1292 dicitur:
1072 1233 1233 1293 Sicut
1274 1235 1428 1294 oculi
1472 1236 1722 1293 ancillae
1762 1236 1828 1293 in
1868 1253 1993 1292 ma-

395 1335 570 1392 nibus
614 1333 882 1391 dominae
922 1350 1065 1392 suae
1093 1334 1198 1393 etc.
1228 1332 1473 1392 Ancilla
1498 1335 1753 1393 dominae
1780 1334 1993 1391 Mariae

395 1433 483 1489 est
523 1431 804 1504 quaelibet
847 1431 1029 1488 fidelis
1070 1432 1278 1499 anima,
1319 1433 1487 1490 immo
1528 1432 1698 1489 etiam
1741 1431 1992 1489 Ecclesia

393 1529 752 1587 universalis.
803 1527 970 1587 Oculi
1010 1529 1178 1586 huius
1221 1529 1471 1586 ancillae
1511 1530 1578 1586 in
1604 1529 1871 1587 manibus
1898 1528 1994 1587 do·

395 1629 592 1685 minae
632 1643 772 1685 suae
813 1644 1031 1699 semper
1073 1627 1280 1684 debent
1332 1644 1471 1694 esse,
1514 1628 1645 1699 quia
1700 1627 1844 1685 oculi
1894 1627 1994 1695 Ec-

393 1726 611 1794 clesiae,
655 1725 798 1784 oculi
841 1725 1088 1784 omnium
1131 1724 1388 1784 nostrum
1431 1724 1502 1783 ad
1546 1742 1748 1783 manus
1777 1724 1993 1783 Mariae

395 1840 613 1896 semper
655 1823 858 1881 debent
901 1825 1192 1895 respicere,
1236 1824 1302 1881 ut
1345 1840 1444 1895 per
1484 1840 1686 1880 manus
1727 1824 1847 1881 eius
1888 1824 1999 1881 ali-

393 1923 526 1995 quid
569 1923 700 1981 boni
741 1924 1081 1994 accipiamus
1124 1923 1180 1979 et
1221 1939 1320 1995 per
1347 1939 1547 1980 manus
1575 1923 1694 1979 eius
1722 1922 1994 1995 quidquid

394 2021 523 2078 boni
565 2022 786 2093 agimus
829 2019 1065 2078 Domino
1109 2019 1428 2078 offeramus.
1472 2019 1583 2077 Per
1610 2036 1812 2077 manus
1842 2021 1993 2077 enim

392 2119 560 2176 huius
586 2119 840 2177 dominae
867 2119 1139 2176 habemus
1166 2119 1434 2191 quidquid
1462 2119 1590 2177 boni
1622 2119 1994 2191 possidemuS,

394 2217 642 2275 testante
684 2217 847 2275 beato
888 2218 1177 2275 Bernardo
1203 2217 1310 2291 (3),
1353 2218 1449 2289 qui
1490 2217 1604 2274 ait:
1645 2215 1857 2274 «Nihil
1887 2233 1997 2276 nos

393 2317 544 2373 Deus
586 2316 791 2374 habere
834 2317 1030 2384 voluit,
1073 2316 1221 2388 quod
1263 2332 1363 2388 per
1405 2315 1616 2373 Mariae
1645 2332 1849 2372 manus
1877 2332 1995 2375 non

394 2415 670 2473 transiret
696 2439 754 2471 ›>.
797 2415 907 2473 Per
949 2432 1150 2472 manus
1191 2432 1407 2487 quoque
1437 2414 1603 2471 huius
1632 2414 1889 2472 dominae
1918 2413 1998 2472 of-

393 2514 538 2572 ferre
581 2513 695 2573 Deo
737 2514 998 2571 debemus
1026 2512 1294 2587 quidquid
1324 2513 1450 2572 boni
1479 2513 1776 2585 egerimuS,
1805 2528 1997 2585 quem-

520 2765 564 2826 1)
601 2764 743 2812 Codd.
779 2766 829 2810 et
860 2761 1001 2809 editt.
1026 2763 1188 2809 adhue
1220 2762 1401 2809 addunt
1437 2762 1543 2807 tibi.

513 2846 564 2905 2)
601 2846 774 2891 Psalm.
815 2845 920 2902 122,
954 2844 1000 2891 2.

492 2925 563 2986 ’3)
600 2925 746 2972 Serm.
784 2925 829 2972 3.
865 2925 914 2971 in
949 2924 1056 2983 Vig.
1093 2924 1258 2971 Nativ.
1294 2925 1423 2971 Dom.
1460 2939 1507 2970 n.
1547 2924 1621 2970 10.
