2237 3481
420 244 498 301 48
927 262 1217 304 SPECULUM
1258 263 1310 302 B.
1352 262 1412 303 Μ.
1462 263 1518 305 v.

419 455 521 525 est,
542 454 612 509 ut
631 452 858 511 audivit
882 452 1296 510 salutationem
1319 452 1560 510 Mariae
1579 452 1888 510 Elisabeth
1910 453 2012 513 etc.

418 552 640 609 Caritas
681 551 870 624 itaque
914 552 1151 623 proximi
1187 551 1623 609 salutationibus
1664 551 1722 609 et
1763 553 1891 609 aliis
1932 569 2014 609 ca·

419 649 668 706 ritativis
707 649 1082 707 locutionibus
1140 666 1359 722 semper
1403 648 1641 707 fovenda
1697 649 1802 706 est.
1858 650 2015 707 Unde

415 747 473 805 et
532 744 770 821 angelus
831 747 1107 805 salutavit
1167 747 1426 818 Mariam,
1489 749 1672 805 Maria
1735 748 2013 806 salutavit

413 845 727 914 Elisabeth,
771 845 922 903 filius
962 846 1175 904 Mariae
1234 847 1510 904 salutavit
1550 846 1763 904 Marias
1817 847 2014 905 euntes

415 944 480 1001 de
523 943 838 1016 sepulchre,
869 944 1056 1002 dicens
1089 945 1206 1002 illis
1230 943 1351 1019 (1):
1384 944 1579 1003 Avete.
1610 944 1727 1004 Vae
1770 962 1903 1018 ergo
1932 947 2012 1003 eis

413 1043 510 1115 qui
554 1042 786 1114 propter
829 1043 1011 1100 odium
1058 1042 1457 1100 salutationem
1501 1044 1752 1116 proximo
1782 1043 2012 1115 negant.

416 1140 532 1197 Vae
573 1140 741 1197 etiam
783 1140 899 1197 illis
941 1141 1036 1212 qui
1065 1140 1253 1198 dolose
1284 1141 1599 1212 proximum
1640 1141 1914 1210 salutant,
1946 1143 2015 1198 si-

414 1238 511 1296 cut
532 1238 724 1305 IudaS,
748 1255 873 1296 cum
901 1239 1069 1295 dixit:
1103 1237 1248 1311 Ave,
1275 1239 1473 1297 Rabbi
1497 1240 1606 1313 (2).
1630 1239 1676 1298 Ο
1697 1257 1865 1312 quam
1896 1239 2015 1297 dul-

413 1337 553 1393 citer
593 1336 775 1392 Maria
817 1336 1068 1393 salutare
1109 1336 1300 1394 novit!
1331 1336 1376 1394 O
1405 1337 1603 1405 Maria,
1634 1337 1884 1410 digneris
1912 1353 2015 1396 nos

415 1450 514 1505 per
553 1433 798 1507 gratiam
841 1434 999 1491 tuam
1042 1434 1314 1492 salutare.
1360 1434 1436 1491 Et
1477 1434 1626 1492 certe
1667 1437 1792 1506 ipsa
1822 1452 1924 1493 nos
1951 1436 2015 1493 li-

318 1568 327 1571 -
413 1531 610 1589 benter
653 1531 873 1589 salutat
934 1532 1200 1590 beneficio
1263 1532 1320 1589 et
1381 1533 1778 1602 consolatione,
1821 1535 1868 1590 si
1911 1550 2016 1592 nos

204 3009 361 3120 ,Ἣ

413 1647 533 1688 eam
578 1629 903 1702 frequenter
946 1630 1267 1688 salutamus
1331 1631 1561 1690 servitio
1623 1631 1681 1688 et
1741 1632 2014 1690 oratione.

412 1727 678 1786 Libenter
719 1746 823 1787 nos
867 1728 1084 1787 salutat
1126 1746 1251 1787 cum
1292 1731 1499 1803 gratia,
1531 1731 1579 1788 si
1618 1730 1861 1788 libenter
1888 1749 2011 1789 eam

411 1826 728 1885 salutamus
769 1844 892 1885 cum
937 1826 1083 1900 Ave,
1125 1828 1356 1885 Maria.
1385 1861 1465 1870 —-
1491 1829 1657 1897 Item,
1687 1830 1871 1887 Maria
1898 1847 2012 1888 non

409 1927 591 1985 solum
633 1926 925 1983 caritatem
983 1926 1230 1984 habebat
1286 1927 1466 1994 corde,
1510 1944 1621 1985 non
1678 1928 1858 1986 solum
1917 1945 2014 1987 ore

413 2024 660 2092 fovebat,
706 2024 801 2081 sed
865 2024 1034 2082 etiam
1097 2042 1266 2096 opere
1327 2026 1636 2083 exercebat.
1678 2025 1819 2097 Ipsa
1861 2027 2008 2083 enim

409 2123 500 2181 est
542 2122 740 2191 Maria,
789 2122 854 2179 de
896 2125 1008 2195 qua
1048 2123 1216 2179 etiam
1262 2123 1338 2180 ibi
1362 2123 1451 2196 (3)
1494 2124 1729 2181 dicitur:
1773 2122 2014 2183 Mansit

411 2224 604 2279 autem
645 2221 857 2278 Maria
899 2238 1027 2278 cum
1069 2220 1181 2279 illa
1231 2222 1403 2293 quasi
1456 2223 1743 2280 mensibus
1801 2223 2014 2281 tribus.

406 2320 644 2378 Mansit
684 2319 876 2391 utique
921 2336 1022 2391 pro
1065 2320 1377 2378 ministerio
1406 2320 1464 2377 et
1490 2321 1868 2380 consolatione
1899 2322 2016 2379 Eli-

408 2418 639 2488 sabeth3
668 2418 813 2476 unde
855 2418 1189 2477 Ambrosius
1213 2419 1334 2493 (4):
1374 2442 1403 2471 ‹<
1431 2419 1582 2488 Quae
1620 2419 1855 2492 propter
1894 2420 2016 2479 offi-

406 2519 552 2574 cium
581 2516 831 2585 venerat,
861 2516 1039 2576 officio
1066 2517 1397 2575 inhaerebat
1423 2540 1479 2573 ».
1510 2550 1589 2559 —-
1610 2517 1775 2587 Item,
1806 2519 2013 2589 Maria,

407 2615 556 2673 sicut
596 2616 655 2672 in
699 2616 956 2674 omnibus
997 2615 1293 2673 caritatem
1335 2615 1535 2673 habuit
1572 2617 1642 2674 ad
1673 2618 2013 2689 proximum,

621 2761 726 2770 ———

535 2846 579 2906 1)
615 2847 792 2893 Matth.
830 2846 908 2905 28,
944 2848 991 2894 9.
1490 2848 1539 2907 2)
1575 2846 1695 2895 Ibid.
1731 2862 1773 2896 c.
1810 2849 1888 2908 26,
1924 2848 2010 2897 49.

532 2928 580 2986 3)
616 2929 728 2975 Luc.
768 2928 811 2987 1,
847 2929 924 2975 56.
1426 2928 1475 2988 4)
1510 2929 1571 2976 11.
1607 2929 1657 2976 in
1690 2930 1802 2977 Luc.
1839 2945 1888 2978 n.
1925 2932 2010 2979 21.
