2237 3481
409 240 524 299 160
911 260 1201 301 SPECULUM
1242 261 1291 302 B.
1338 261 1400 301 M.
1445 261 1499 303 v.

401 451 552 510 certe
593 451 777 509 Maria
817 468 929 510 non
972 452 1250 510 nutricem
1311 453 1501 522 aliam,
1544 469 1656 511 non
1701 470 2003 525 personam

402 550 688 619 vicariam,
719 550 816 608 sed
857 550 1218 623 semetipsam
1239 550 1503 609 ,exhibuit
1532 551 1635 610 Dei
1660 552 2005 623 ministram,

402 647 549 704 sicut
614 646 816 705 beatus
883 647 1243 721 Augustinus
1280 647 1368 723 (1)
1440 648 1709 717 testatur,
1781 649 2002 708 dicens:

409 768 439 797 α
466 746 648 804 Maria
689 746 901 819 absque
943 746 1109 805 dubio
1153 763 1318 819 opere
1360 747 1740 805 ministratrix
1784 735 2005 807 Christi

399 844 639 913 exstitit,
691 861 854 917 quem
911 845 1072 904 utero
1136 846 1316 919 gessit
1371 846 1653 919 partuque
1706 847 2002 918 profusum

399 943 544 1002 aluit
583 945 640 1002 et
680 944 840 1011 fovit,
883 944 941 1001 in
986 945 1279 1017 praesepio
1335 945 1631 1003 reclinavit
1672 944 1730 1003 et
1777 962 1811 1002 a
1862 946 2005 1004 facie

397 1043 638 1101 Herodis
679 1043 973 1101 abscondit
1001 1042 1224 1115 fugiens
1251 1045 1310 1101 in
1341 1044 1665 1117 Aegyptum
1694 1043 1750 1101 et
1780 1060 2003 1102 omnem

397 1141 699 1199 infantiam
721 1143 840 1199 eius
869 1142 961 1213 pio
990 1140 1193 1198 matris
1219 1141 1307 1216 (2)
1338 1140 1542 1199 affectu
1565 1142 1653 1199 est
1682 1143 2002 1214 prosecuta,

396 1240 478 1297 ita
522 1240 587 1297 ut
626 1257 803 1313 usque
844 1240 916 1297 ad
959 1241 1198 1298 mortem
1248 1238 1440 1298 'crucis
1501 1240 1573 1298 ab
1615 1242 1734 1298 eius
1775 1241 2004 1299 indubi-

398 1338 589 1396 tanter
632 1355 743 1397 non
787 1338 1082 1396 recesserit
1109 1339 1454 1405 consectatu,
1486 1355 1596 1396 non
1628 1339 1810 1396 solum
1839 1357 2004 1412 gres-

398 1437 554 1494 sibus
595 1437 817 1509 pedum,
860 1437 1132 1509 tanquam
1197 1454 1300 1509 pro
1356 1454 1544 1495 amore
1605 1438 1756 1507 Filii,
1802 1455 2001 1495 verum

394 1537 562 1594 etiam
605 1536 978 1594 imitationem
1022 1552 1237 1594 morum
1283 1536 1554 1609 tanquam
1600 1553 1702 1609 pro
1744 1554 2004 1595 reveren-

395 1634 476 1692 ffia
519 1634 742 1692 Domini
764 1658 820 1691 >›.

555 1732 949 1792 Necessarium
995 1733 1083 1791 est
1125 1733 1303 1802 nobiS,
1346 1751 1458 1792 non
1498 1733 1677 1793 solum
1722 1734 1789 1792 ut
1838 1735 2002 1796 bonis

394 1833 656 1906 operibus
697 1832 1048 1900 insistamuS,
1093 1833 1190 1890 sed
1238 1834 1405 1890 etiam
1450 1828 1516 1899 nt
1557 1833 1713 1891 vitiis
1763 1834 2003 1893 resista-

394 1948 544 1999 mus;
589 1931 646 1988 et
688 1931 808 1989 ideo
866 1931 1002 1988 bene
1065 1931 1295 1988 additur
1346 1931 1412 1988 de
1452 1931 1662 1989 lanceis
1719 1931 2000 1990 tenendis

393 2031 602 2087 Tenere
645 2031 790 2086 enim
841 2029 1104 2086 debemus
1147 2029 1399 2086 lanceam
1443 2030 1544 2087 zeli
1587 2030 1785 2088 contra
1826 2031 2003 2103 impe-

392 2128 512 2185 tum
584 2128 725 2195 vitii,
796 2127 994 2185 contra
1061 2128 1544 2200 impugnationem
1608 2127 1835 2196 diaboli,
1881 2146 2003 2186 car-

392 2227 482 2283 nis
525 2225 582 2283 et
624 2225 835 2283 mundi.
880 2225 961 2283 De
1001 2225 1090 2282 his
1132 2226 1344 2282 lanceis
1383 2225 1522 2284 bene
1581 2225 1787 2283 dicitur
1851 2227 2001 2284 Iere-

390 2325 533 2381 miae
595 2324 1023 2396 quadragesimo
1090 2324 1246 2383 sexto
1278 2323 1405 2399 (3):
1470 2324 1667 2382 Polite
1738 2324 2001 2399 lanceas,

389 2421 613 2480 induite
651 2439 751 2480 vos
794 2422 1011 2480 loricis.
1053 2423 1275 2480 Lorica
1317 2422 1566 2480 iustitiae
1608 2440 1642 2479 a
1683 2423 1835 2482 malo
1866 2440 2002 2496 pro·
2097 2438 2102 2445 ·

392 2521 656 2594 tegimur,
701 2520 796 2578 sed
839 2520 1042 2578 lancea
1083 2522 1186 2578 zeli
1230 2521 1440 2579 malum
1484 2521 1907 2594 impugnamus
1936 2522 2000 2579 Si

518 2769 561 2827 1)
598 2767 760 2815 Potius
793 2770 958 2815 auctor
984 2768 1069 2815 lib.
1096 2769 1153 2815 de
1174 2768 1384 2816 Assumt.
1422 2769 1477 2815 B.
1502 2769 1568 2815 Μ.
1594 2769 1651 2815 V.
1681 2768 1832 2828 (inter
1855 2783 1999 2829 opera

388 2849 613 2909 August.)
647 2863 689 2895 c.
729 2850 773 2896 7.

513 2931 563 2989 2)
599 2930 636 2975 Β
670 2928 791 2986 legit
823 2930 1018 2977 mentis.
1684 2931 1733 2990 3)
1770 2931 1906 2980 Vers.
1941 2932 1995 2979 4.
