2237 3481
407 287 525 345 254
912 301 1201 344 srucumm
1240 301 1293 344 B.
1335 302 1397 342 Μ.
1441 302 1495 344 v.
1527 348 1560 366 ,ae

407 492 729 568 gratiarum
757 491 1021 552 laudibus
1048 491 1241 561 offero,
1268 490 1470 562 totum,
1500 491 1648 566 quod
1674 493 1823 562 vivo,
1852 493 2012 566 quod

409 593 606 662 sentio,
649 592 798 666 quod
837 591 1089 650 discerno
1129 592 1190 649 in
1251 592 1371 649 eius
1424 591 1813 665 magnitudine
1868 607 2010 651 con-

405 690 749 764 templanda,
794 688 977 750 totum
1016 690 1076 748 in
1116 691 1237 749 eius
1277 690 1592 762 praeceptis
1634 689 2010 749 observandis

405 789 667 864 impendo
694 812 752 846 x».
817 798 821 801 ·

567 887 775 958 Quinto
814 887 1120 957 videamuS,
1148 887 1453 968 carissimi,⁸
1471 886 1743 961 quomodo
1778 886 2009 947 fructus

409 986 623 1045 Mariae
665 986 742 1045 sit
785 985 1118 1044 liberalium
1168 985 1365 1045 contra
1420 985 1741 1056 avaritiam,
1782 983 1843 1044 et
1884 1002 2005 1045 ma-

410 1087 554 1144 xime
593 1087 819 1145 illorum
860 1084 1199 1155 liberalium,
1240 1085 1336 1158 qui
1399 1101 1503 1157 pro
1543 1084 1649 1144 hoc
1688 1083 1878 1143 fructu
1921 1103 2007 1144 re·

409 1184 680 1242 nuntiant
720 1182 976 1243 omnibus
1017 1181 1442 1256 temporalibus,
1472 1182 1632 1241 iuxta
1668 1182 1811 1240 illud
1852 1182 2007 1241 Can-

410 1281 644 1341 ticorum
689 1281 886 1341 octavo
911 1279 1032 1357 (1):
1087 1281 1195 1342 Vir
1235 1279 1411 1351 affert
1458 1297 1577 1353 pro
1638 1279 1839 1351 fructu
1876 1282 2007 1341 eius

408 1379 570 1439 mille
611 1382 932 1455 arqenteoe,
981 1402 1012 1431 α
1040 1380 1402 1453 relinquendo
1443 1380 1629 1438 omnia
1656 1402 1714 1449 ι»,
1755 1379 2007 1438 ostendit

406 1478 800 1536 Interlinearis
823 1476 932 1552 (2).
961 1475 1039 1534 Et
1065 1477 1268 1535 iterum
1292 1475 1495 1536 Glossa
1516 1477 1605 1553 (3)
1636 1475 1800 1534 dicit:
1842 1497 1872 1528 α
1890 1476 2006 1535 Per

405 1574 567 1634 mille
606 1573 890 1648 perfectio,
933 1592 1033 1648 per
1076 1577 1384 1650 arqentwm
1436 1591 1598 1633 omne
1654 1574 2002 1633 mundanum

406 1672 680 1748 accipitur
700 1695 757 1729 ιι.
801 1672 907 1743 Qui
946 1688 1079 1747 ergo
1136 1672 1379 1748 perfecte
1440 1689 1602 1732 omne
1653 1672 2003 1731 mundanum

409 1789 511 1845 pro
554 1772 780 1831 Christo
819 1771 1109 1845 relinquit,
1150 1773 1271 1845 ipse
1310 1773 1473 1846 quasi
1510 1771 1672 1851 mille
1699 1774 2005 1847 arqenteos

411 1887 513 1944 pro
552 1870 655 1930 hoc
697 1869 886 1928 fructu
927 1868 1125 1928 tradit.
1166 1869 1273 1929 Sed
1314 1886 1452 1939 ecce,
1493 1870 1589 1944 qui
1628 1869 1764 1928 dare
1804 1870 2003 1929 nolue-

408 1968 487 2027 rit
527 1969 680 2027 mille
721 1969 906 2027 omnia
947 1968 1328 2041 relinquendo,
1373 1967 1537 2027 debet
1578 1968 1780 2026 saltem
1809 1969 2005 2043 aliqua

408 2083 511 2139 pro
550 2065 654 2124 hoc
692 2064 881 2124 fructu
921 2065 1055 2124 dare
1097 2065 1441 2140 pauperibus
1496 2064 1894 2136 subveniendo,
1938 2060 2006 2123 ut

409 2164 486 2223 sit
513 2164 659 2226 sicut
679 2164 834 2223 oliva
859 2161 1173 2234 fructifera
1196 2163 1286 2239 (4)
1315 2163 1561 2222 fructum
1592 2164 2007 2224 misericordiae

408 2262 651 2321 ferendo.
694 2261 837 2332 Quia
877 2278 1007 2321 vero
1049 2279 1303 2321 summus
1343 2261 1754 2340 misericordiae
1781 2261 2008 2321 fructus

407 2359 496 2419 est
537 2377 756 2418 summa
795 2360 1192 2431 misericordia,
1236 2377 1378 2433 quae
1420 2360 1508 2418 est
1536 2360 1706 2431 Deus,
1736 2360 1861 2419 ideo
1888 2360 2005 2419 Ma·

408 2460 511 2528 ria,
541 2474 683 2532 quae
723 2457 873 2516 hunc
914 2458 1322 2517 misericordiae
1351 2457 1595 2516 fructum
1624 2459 2009 2531 copiosissime

535 2727 581 2786 1)
616 2725 752 2773 Vers.
780 2717 866 2773 11.

532 2807 581 2866 2)
616 2805 751 2866 Apud
782 2808 1016 2865 Lyranum
1050 2806 1100 2854 in
1135 2808 1258 2855 hunc
1290 2809 1457 2856 locum.

533 2887 581 2945 3)
617 2886 807 2935 Scilicet
838 2889 1101 2935 ordinaria
1134 2890 1256 2949 apud
1290 2890 1525 2947 Lyranum
1555 2888 1606 2935 iu
1640 2889 1763 2936 hunc
1796 2890 1974 2937 locum.

535 2968 583 3024 4)
618 2967 790 3014 Psalm.
825 2969 905 3028 51,
944 2969 1017 3016 10.
