<?xml version="1.0" encoding="UTF-8"?>
<!DOCTYPE html PUBLIC "-//W3C//DTD XHTML 1.0 Transitional//EN"
    "http://www.w3.org/TR/xhtml1/DTD/xhtml1-transitional.dtd">
<html xmlns="http://www.w3.org/1999/xhtml" xml:lang="en" lang="en">
 <head>
  <title>
</title>
<meta http-equiv="Content-Type" content="text/html;charset=utf-8" />
  <meta name='ocr-system' content='tesseract 3.04.00' />
  <meta name='ocr-capabilities' content='ocr_page ocr_carea ocr_par ocr_line ocrx_word'/>
</head>
<body>
  <div class='ocr_page' id='page_1' title='image "./speculumbeataem00brungoog_0139.png"; bbox 0 0 2237 3481; ppageno 0'>
   <div class='ocr_carea' id='block_1_1' title="bbox 854 276 1825 337">
    <p class='ocr_par' dir='ltr' id='par_1_1' title="bbox 854 276 1825 337">
     <span class='ocr_line' id='line_1_1' title="bbox 854 276 1825 337; baseline 0.001 -2"><span class='ocrx_word' id='word_1_1' title='bbox 854 295 1057 337; x_wconf 68' lang='lat' dir='ltr'><em>morlo</em></span> <span class='ocrx_word' id='word_1_2' title='bbox 1100 294 1202 337; x_wconf 84' lang='lat' dir='ltr'><em>vn.</em></span> <span class='ocrx_word' id='word_1_3' title='bbox 1710 276 1825 336; x_wconf 84' lang='lat'><em>105</em></span> 
     </span>
    </p>
   </div>
   <div class='ocr_carea' id='block_1_2' title="bbox 204 482 1829 2717">
    <p class='ocr_par' dir='ltr' id='par_1_2' title="bbox 204 482 1829 2521">
     <span class='ocr_line' id='line_1_2' title="bbox 219 482 1827 555; baseline -0.002 -13"><span class='ocrx_word' id='word_1_4' title='bbox 219 501 332 543; x_wconf 91' lang='lat' dir='ltr'><em>non</em></span> <span class='ocrx_word' id='word_1_5' title='bbox 374 483 554 542; x_wconf 81' lang='lat' dir='ltr'><em>defuit</em></span> <span class='ocrx_word' id='word_1_6' title='bbox 604 482 743 540; x_wconf 88' lang='lat' dir='ltr'><em>fides</em></span> <span class='ocrx_word' id='word_1_7' title='bbox 784 482 1259 555; x_wconf 79' lang='lat' dir='ltr'><em>patriarcharum,</em></span> <span class='ocrx_word' id='word_1_8' title='bbox 1311 482 1550 554; x_wconf 88' lang='lat' dir='ltr'><em>spiritus</em></span> <span class='ocrx_word' id='word_1_9' title='bbox 1594 482 1827 555; x_wconf 87' lang='lat' dir='ltr'><em>prophe-</em></span> 
     </span>
     <span class='ocr_line' id='line_1_3' title="bbox 217 580 1825 654; baseline -0.002 -13"><span class='ocrx_word' id='word_1_10' title='bbox 217 583 429 650; x_wconf 83' lang='lat' dir='ltr'><em>tarum,</em></span> <span class='ocrx_word' id='word_1_11' title='bbox 473 582 625 639; x_wconf 90' lang='lat' dir='ltr'><em>zelus</em></span> <span class='ocrx_word' id='word_1_12' title='bbox 666 580 1071 653; x_wconf 76' lang='lat' dir='ltr'><em>apostolorum,</em></span> <span class='ocrx_word' id='word_1_13' title='bbox 1116 581 1440 640; x_wconf 85' lang='lat' dir='ltr'><em>constantia</em></span> <span class='ocrx_word' id='word_1_14' title='bbox 1490 580 1825 654; x_wconf 88' lang='lat' dir='ltr'><em>martyrum,</em></span> 
     </span>
     <span class='ocr_line' id='line_1_4' title="bbox 219 678 1829 752; baseline -0.001 -14"><span class='ocrx_word' id='word_1_15' title='bbox 219 681 500 740; x_wconf 84' lang='lat' dir='ltr'><em>sobrietas</em></span> <span class='ocrx_word' id='word_1_16' title='bbox 541 679 944 748; x_wconf 77' lang='lat' dir='ltr'><em>confessorum,</em></span> <span class='ocrx_word' id='word_1_17' title='bbox 1000 679 1240 737; x_wconf 83' lang='lat' dir='ltr'><em>castitas</em></span> <span class='ocrx_word' id='word_1_18' title='bbox 1296 680 1601 752; x_wconf 86' lang='lat' dir='ltr'><em>virginum,</em></span> <span class='ocrx_word' id='word_1_19' title='bbox 1645 678 1829 736; x_wconf 85' lang='lat' dir='ltr'><em>fecun-</em></span> 
     </span>
     <span class='ocr_line' id='line_1_5' title="bbox 217 776 1825 851; baseline -0.002 -15"><span class='ocrx_word' id='word_1_20' title='bbox 217 780 370 836; x_wconf 84' lang='lat' dir='ltr'><em>ditas</em></span> <span class='ocrx_word' id='word_1_21' title='bbox 400 778 850 851; x_wconf 85' lang='lat' dir='ltr'><em>coniugatorum,</em></span> <span class='ocrx_word' id='word_1_22' title='bbox 881 779 1049 836; x_wconf 89' lang='lat' dir='ltr'><em>immo</em></span> <span class='ocrx_word' id='word_1_23' title='bbox 1090 794 1192 835; x_wconf 87' lang='lat' dir='ltr'><em>nec</em></span> <span class='ocrx_word' id='word_1_24' title='bbox 1221 776 1445 849; x_wconf 88' lang='lat' dir='ltr'><em>puritas</em></span> <span class='ocrx_word' id='word_1_25' title='bbox 1473 777 1825 850; x_wconf 83' lang='lat' dir='ltr'><em>angelorum.</em></span> 
     </span>
     <span class='ocr_line' id='line_1_6' title="bbox 217 874 1822 945; baseline -0.001 -12"><span class='ocrx_word' id='word_1_26' title='bbox 217 877 355 945; x_wconf 84' lang='lat' dir='ltr'><em>Quis</em></span> <span class='ocrx_word' id='word_1_27' title='bbox 400 893 511 934; x_wconf 91' lang='lat' dir='ltr'><em>non</em></span> <span class='ocrx_word' id='word_1_28' title='bbox 558 875 796 933; x_wconf 90' lang='lat' dir='ltr'><em>miretur</em></span> <span class='ocrx_word' id='word_1_29' title='bbox 856 876 1180 933; x_wconf 86' lang='lat' dir='ltr'><em>sanctorum</em></span> <span class='ocrx_word' id='word_1_30' title='bbox 1235 874 1458 932; x_wconf 87' lang='lat' dir='ltr'><em>tantam</em></span> <span class='ocrx_word' id='word_1_31' title='bbox 1516 874 1712 933; x_wconf 89' lang='lat' dir='ltr'><em>videns</em></span> <span class='ocrx_word' id='word_1_32' title='bbox 1766 876 1822 932; x_wconf 88' lang='lat' dir='ltr'><em>in</em></span> 
     </span>
     <span class='ocr_line' id='line_1_7' title="bbox 216 972 1824 1047; baseline -0.001 -15"><span class='ocrx_word' id='word_1_33' title='bbox 216 976 404 1032; x_wconf 86' lang='lat' dir='ltr'><em>Maria</em></span> <span class='ocrx_word' id='word_1_34' title='bbox 473 974 880 1046; x_wconf 76' lang='lat' dir='ltr'>plenitudinem</span> <span class='ocrx_word' id='word_1_35' title='bbox 952 973 1276 1031; x_wconf 78' lang='lat' dir='ltr'><em>sanctorum</em></span> <span class='ocrx_word' id='word_1_36' title='bbox 1322 972 1409 1047; x_wconf 91' lang='lat'><em>(1)</em></span> <span class='ocrx_word' id='word_1_37' title='bbox 1438 974 1464 1028; x_wconf 73' lang='lat' dir='ltr'>P</span> <span class='ocrx_word' id='word_1_38' title='bbox 1541 973 1824 1046; x_wconf 77' lang='lat' dir='ltr'><strong>Scriptum</strong></span> 
     </span>
     <span class='ocr_line' id='line_1_8' title="bbox 214 1071 1826 1146; baseline -0.002 -15"><span class='ocrx_word' id='word_1_39' title='bbox 214 1074 427 1146; x_wconf 89' lang='lat' dir='ltr'><em>quippe</em></span> <span class='ocrx_word' id='word_1_40' title='bbox 468 1072 557 1129; x_wconf 88' lang='lat' dir='ltr'><em>est</em></span> <span class='ocrx_word' id='word_1_41' title='bbox 598 1073 977 1130; x_wconf 85' lang='lat' dir='ltr'><em>Ecclesiastici</em></span> <span class='ocrx_word' id='word_1_42' title='bbox 1006 1072 1277 1144; x_wconf 84' lang='lat' dir='ltr'><em>vigesimo</em></span> <span class='ocrx_word' id='word_1_43' title='bbox 1314 1071 1548 1144; x_wconf 87' lang='lat' dir='ltr'><em>quarto:</em></span> <span class='ocrx_word' id='word_1_44' title='bbox 1593 1071 1672 1128; x_wconf 92' lang='lat' dir='ltr'><em>In</em></span> <span class='ocrx_word' id='word_1_45' title='bbox 1703 1071 1826 1142; x_wconf 75' lang='lat' dir='ltr'><em>ple·</em></span> 
     </span>
     <span class='ocr_line' id='line_1_9' title="bbox 214 1169 1826 1229; baseline -0.002 0"><span class='ocrx_word' id='word_1_46' title='bbox 214 1170 490 1229; x_wconf 82' lang='lat' dir='ltr'><em>nitudine</em></span> <span class='ocrx_word' id='word_1_47' title='bbox 543 1173 749 1229; x_wconf 79' lang='lat' dir='ltr'><em>sancta</em></span> <span class='ocrx_word' id='word_1_48' title='bbox 803 1169 1222 1228; x_wconf 76' lang='lat' dir='ltr'><em>admirabitur.</em></span> <span class='ocrx_word' id='word_1_49' title='bbox 1273 1169 1364 1226; x_wconf 87' lang='lat' dir='ltr'><em>Ad</em></span> <span class='ocrx_word' id='word_1_50' title='bbox 1412 1169 1515 1228; x_wconf 87' lang='lat' dir='ltr'><em>hoc</em></span> <span class='ocrx_word' id='word_1_51' title='bbox 1569 1170 1719 1227; x_wconf 84' lang='lat' dir='ltr'><em>certe</em></span> <span class='ocrx_word' id='word_1_52' title='bbox 1763 1171 1826 1226; x_wconf 84' lang='lat' dir='ltr'><em>in</em></span> 
     </span>
     <span class='ocr_line' id='line_1_10' title="bbox 204 1267 1824 1341; baseline -0.001 -15"><span class='ocrx_word' id='word_1_53' title='bbox 204 1267 579 1341; x_wconf 70' lang='lat' dir='ltr'><em>plenitudine</em></span> <span class='ocrx_word' id='word_1_54' title='bbox 631 1271 992 1339; x_wconf 79' lang='lat' dir='ltr'><em>sanctornm,</em></span> <span class='ocrx_word' id='word_1_55' title='bbox 1041 1284 1153 1326; x_wconf 90' lang='lat' dir='ltr'><em>non</em></span> <span class='ocrx_word' id='word_1_56' title='bbox 1204 1269 1522 1339; x_wconf 85' lang='lat' dir='ltr'><em>impiorum,</em></span> <span class='ocrx_word' id='word_1_57' title='bbox 1575 1267 1824 1325; x_wconf 76' lang='lat' dir='ltr'><em>detentio</em></span> 
     </span>
     <span class='ocr_line' id='line_1_11' title="bbox 212 1365 1826 1439; baseline -0.001 -15"><span class='ocrx_word' id='word_1_58' title='bbox 212 1367 432 1424; x_wconf 85' lang='lat' dir='ltr'><em>Mariae</em></span> <span class='ocrx_word' id='word_1_59' title='bbox 473 1366 579 1435; x_wconf 88' lang='lat' dir='ltr'><em>est,</em></span> <span class='ocrx_word' id='word_1_60' title='bbox 621 1368 753 1439; x_wconf 86' lang='lat' dir='ltr'><em>quia</em></span> <span class='ocrx_word' id='word_1_61' title='bbox 795 1367 945 1439; x_wconf 85' lang='lat' dir='ltr'><em>apud</em></span> <span class='ocrx_word' id='word_1_62' title='bbox 988 1382 1081 1424; x_wconf 90' lang='lat' dir='ltr'><em>eos</em></span> <span class='ocrx_word' id='word_1_63' title='bbox 1124 1366 1215 1438; x_wconf 92' lang='lat' dir='ltr'><em>qui</em></span> <span class='ocrx_word' id='word_1_64' title='bbox 1265 1366 1414 1437; x_wconf 90' lang='lat' dir='ltr'><em>pleni</em></span> <span class='ocrx_word' id='word_1_65' title='bbox 1457 1365 1594 1423; x_wconf 88' lang='lat' dir='ltr'><em>sunt</em></span> <span class='ocrx_word' id='word_1_66' title='bbox 1623 1366 1826 1423; x_wconf 88' lang='lat' dir='ltr'><em>sancti·</em></span> 
     </span>
     <span class='ocr_line' id='line_1_12' title="bbox 212 1463 1826 1545; baseline -0.001 -22"><span class='ocrx_word' id='word_1_67' title='bbox 212 1466 355 1533; x_wconf 85' lang='lat' dir='ltr'><em>tate,</em></span> <span class='ocrx_word' id='word_1_68' title='bbox 400 1482 531 1545; x_wconf 24' lang='lat' dir='ltr'><em>non·</em></span> <span class='ocrx_word' id='word_1_69' title='bbox 557 1465 707 1537; x_wconf 87' lang='lat' dir='ltr'><em>apud</em></span> <span class='ocrx_word' id='word_1_70' title='bbox 742 1481 835 1522; x_wconf 90' lang='lat' dir='ltr'><em>eos</em></span> <span class='ocrx_word' id='word_1_71' title='bbox 878 1466 972 1537; x_wconf 90' lang='lat' dir='ltr'><em>qui</em></span> <span class='ocrx_word' id='word_1_72' title='bbox 1009 1464 1162 1537; x_wconf 88' lang='lat' dir='ltr'><em>pleni</em></span> <span class='ocrx_word' id='word_1_73' title='bbox 1193 1463 1329 1521; x_wconf 89' lang='lat' dir='ltr'><em>sunt</em></span> <span class='ocrx_word' id='word_1_74' title='bbox 1363 1463 1681 1536; x_wconf 69' lang='lat' dir='ltr'><em>iniquitate,</em></span> <span class='ocrx_word' id='word_1_75' title='bbox 1711 1463 1826 1521; x_wconf 85' lang='lat' dir='ltr'><em>Ma·</em></span> 
     </span>
     <span class='ocr_line' id='line_1_13' title="bbox 213 1561 1826 1635; baseline -0.002 -14"><span class='ocrx_word' id='word_1_76' title='bbox 213 1566 300 1621; x_wconf 85' lang='lat' dir='ltr'><em>ria</em></span> <span class='ocrx_word' id='word_1_77' title='bbox 337 1563 586 1620; x_wconf 86' lang='lat' dir='ltr'><em>libenter</em></span> <span class='ocrx_word' id='word_1_78' title='bbox 628 1562 733 1621; x_wconf 89' lang='lat' dir='ltr'><em>est.</em></span> <span class='ocrx_word' id='word_1_79' title='bbox 775 1563 914 1635; x_wconf 88' lang='lat' dir='ltr'><em>Ipsa</em></span> <span class='ocrx_word' id='word_1_80' title='bbox 955 1579 1174 1635; x_wconf 89' lang='lat' dir='ltr'><em>quoque</em></span> <span class='ocrx_word' id='word_1_81' title='bbox 1217 1563 1274 1619; x_wconf 90' lang='lat' dir='ltr'><em>in</em></span> <span class='ocrx_word' id='word_1_82' title='bbox 1306 1561 1654 1634; x_wconf 86' lang='lat' dir='ltr'><em>plenitudine</em></span> <span class='ocrx_word' id='word_1_83' title='bbox 1694 1578 1826 1618; x_wconf 88' lang='lat' dir='ltr'><em>san-</em></span> 
     </span>
     <span class='ocr_line' id='line_1_14' title="bbox 211 1659 1824 1732; baseline -0.002 -12"><span class='ocrx_word' id='word_1_84' title='bbox 211 1663 437 1721; x_wconf 87' lang='lat' dir='ltr'><em>ctorum</em></span> <span class='ocrx_word' id='word_1_85' title='bbox 481 1678 593 1719; x_wconf 90' lang='lat' dir='ltr'><em>non</em></span> <span class='ocrx_word' id='word_1_86' title='bbox 637 1661 817 1720; x_wconf 88' lang='lat' dir='ltr'><em>solum</em></span> <span class='ocrx_word' id='word_1_87' title='bbox 862 1659 1169 1732; x_wconf 77' lang='lat' dir='ltr'><em>detinetur,</em></span> <span class='ocrx_word' id='word_1_88' title='bbox 1213 1660 1308 1717; x_wconf 86' lang='lat' dir='ltr'><em>sed</em></span> <span class='ocrx_word' id='word_1_89' title='bbox 1352 1659 1522 1717; x_wconf 87' lang='lat' dir='ltr'><em>etiam</em></span> <span class='ocrx_word' id='word_1_90' title='bbox 1549 1661 1606 1716; x_wconf 92' lang='lat' dir='ltr'><em>in</em></span> <span class='ocrx_word' id='word_1_91' title='bbox 1652 1660 1824 1732; x_wconf 87' lang='lat' dir='ltr'><em>pleni-</em></span> 
     </span>
     <span class='ocr_line' id='line_1_15' title="bbox 211 1758 1826 1831; baseline -0.001 -14"><span class='ocrx_word' id='word_1_92' title='bbox 211 1761 411 1818; x_wconf 87' lang='lat' dir='ltr'><em>tudine</em></span> <span class='ocrx_word' id='word_1_93' title='bbox 467 1760 695 1818; x_wconf 84' lang='lat' dir='ltr'><em>sanctos</em></span> <span class='ocrx_word' id='word_1_94' title='bbox 736 1759 969 1827; x_wconf 84' lang='lat' dir='ltr'><em>detinet,</em></span> <span class='ocrx_word' id='word_1_95' title='bbox 1012 1777 1082 1817; x_wconf 87' lang='lat' dir='ltr'><em>ne</em></span> <span class='ocrx_word' id='word_1_96' title='bbox 1125 1776 1313 1817; x_wconf 90' lang='lat' dir='ltr'><em>eorum</em></span> <span class='ocrx_word' id='word_1_97' title='bbox 1374 1758 1665 1831; x_wconf 90' lang='lat' dir='ltr'><em>plenitudo</em></span> <span class='ocrx_word' id='word_1_98' title='bbox 1722 1760 1826 1815; x_wconf 89' lang='lat' dir='ltr'><em>mi-</em></span> 
     </span>
     <span class='ocr_line' id='line_1_16' title="bbox 212 1857 1822 1930; baseline -0.002 -13"><span class='ocrx_word' id='word_1_99' title='bbox 212 1860 453 1917; x_wconf 86' lang='lat' dir='ltr'><em>nuatur.</em></span> <span class='ocrx_word' id='word_1_100' title='bbox 502 1858 735 1916; x_wconf 91' lang='lat' dir='ltr'><em>Detinet</em></span> <span class='ocrx_word' id='word_1_101' title='bbox 796 1860 1063 1916; x_wconf 89' lang='lat' dir='ltr'><em>nimirum</em></span> <span class='ocrx_word' id='word_1_102' title='bbox 1125 1858 1389 1926; x_wconf 81' lang='lat' dir='ltr'><em>virtuteS,</em></span> <span class='ocrx_word' id='word_1_103' title='bbox 1433 1875 1501 1915; x_wconf 92' lang='lat' dir='ltr'><em>ne</em></span> <span class='ocrx_word' id='word_1_104' title='bbox 1564 1857 1822 1930; x_wconf 83' lang='lat' dir='ltr'><em>fugiant3</em></span> 
     </span>
     <span class='ocr_line' id='line_1_17' title="bbox 209 1955 1823 2028; baseline -0.001 -14"><span class='ocrx_word' id='word_1_105' title='bbox 209 1956 431 2015; x_wconf 87' lang='lat' dir='ltr'><em>detinet</em></span> <span class='ocrx_word' id='word_1_106' title='bbox 472 1957 695 2024; x_wconf 90' lang='lat' dir='ltr'><em>merita,</em></span> <span class='ocrx_word' id='word_1_107' title='bbox 737 1973 808 2014; x_wconf 91' lang='lat' dir='ltr'><em>ne</em></span> <span class='ocrx_word' id='word_1_108' title='bbox 853 1955 1118 2028; x_wconf 81' lang='lat' dir='ltr'><em>pereant3</em></span> <span class='ocrx_word' id='word_1_109' title='bbox 1149 1956 1365 2013; x_wconf 91' lang='lat' dir='ltr'><em>detinet</em></span> <span class='ocrx_word' id='word_1_110' title='bbox 1405 1955 1722 2023; x_wconf 79' lang='lat' dir='ltr'><em>daemoneS,</em></span> <span class='ocrx_word' id='word_1_111' title='bbox 1752 1972 1823 2012; x_wconf 91' lang='lat' dir='ltr'><em>ne</em></span> 
     </span>
     <span class='ocr_line' id='line_1_18' title="bbox 209 2053 1824 2127; baseline -0.002 -14"><span class='ocrx_word' id='word_1_112' title='bbox 209 2054 488 2123; x_wconf 80' lang='lat' dir='ltr'><em>noceant3</em></span> <span class='ocrx_word' id='word_1_113' title='bbox 531 2054 748 2112; x_wconf 88' lang='lat' dir='ltr'><em>detinet</em></span> <span class='ocrx_word' id='word_1_114' title='bbox 788 2055 1013 2122; x_wconf 85' lang='lat' dir='ltr'><em>Filium,</em></span> <span class='ocrx_word' id='word_1_115' title='bbox 1057 2072 1128 2112; x_wconf 92' lang='lat' dir='ltr'><em>ne</em></span> <span class='ocrx_word' id='word_1_116' title='bbox 1173 2054 1491 2126; x_wconf 77' lang='lat' dir='ltr'><em>peccatores</em></span> <span class='ocrx_word' id='word_1_117' title='bbox 1522 2053 1824 2127; x_wconf 80' lang='lat' dir='ltr'><em>percutiat.</em></span> 
     </span>
     <span class='ocr_line' id='line_1_19' title="bbox 209 2153 1821 2226; baseline -0.001 -15"><span class='ocrx_word' id='word_1_118' title='bbox 209 2154 365 2211; x_wconf 87' lang='lat' dir='ltr'><em>Ante</em></span> <span class='ocrx_word' id='word_1_119' title='bbox 407 2154 649 2212; x_wconf 86' lang='lat' dir='ltr'><em>Mariam</em></span> <span class='ocrx_word' id='word_1_120' title='bbox 690 2170 801 2212; x_wconf 91' lang='lat' dir='ltr'><em>non</em></span> <span class='ocrx_word' id='word_1_121' title='bbox 845 2153 957 2211; x_wconf 88' lang='lat' dir='ltr'><em>fuit</em></span> <span class='ocrx_word' id='word_1_122' title='bbox 984 2155 1078 2226; x_wconf 92' lang='lat' dir='ltr'><em>qui</em></span> <span class='ocrx_word' id='word_1_123' title='bbox 1123 2155 1203 2211; x_wconf 85' lang='lat' dir='ltr'><em>sic</em></span> <span class='ocrx_word' id='word_1_124' title='bbox 1243 2153 1491 2211; x_wconf 89' lang='lat' dir='ltr'><em>detinere</em></span> <span class='ocrx_word' id='word_1_125' title='bbox 1519 2153 1821 2212; x_wconf 88' lang='lat' dir='ltr'><em>Dominum</em></span> 
     </span>
     <span class='ocr_line' id='line_1_20' title="bbox 206 2251 1822 2324; baseline 0 -15"><span class='ocrx_word' id='word_1_126' title='bbox 206 2252 467 2320; x_wconf 84' lang='lat' dir='ltr'><em>auderet,</em></span> <span class='ocrx_word' id='word_1_127' title='bbox 538 2251 789 2309; x_wconf 88' lang='lat' dir='ltr'><em>testante</em></span> <span class='ocrx_word' id='word_1_128' title='bbox 857 2252 1030 2320; x_wconf 85' lang='lat' dir='ltr'><em>Isaia,</em></span> <span class='ocrx_word' id='word_1_129' title='bbox 1102 2253 1197 2324; x_wconf 91' lang='lat' dir='ltr'><em>qui</em></span> <span class='ocrx_word' id='word_1_130' title='bbox 1267 2251 1408 2308; x_wconf 84' lang='lat' dir='ltr'><em>dixit</em></span> <span class='ocrx_word' id='word_1_131' title='bbox 1477 2252 1822 2323; x_wconf 84' lang='lat' dir='ltr'><em>sexagesimo</em></span> 
     </span>
     <span class='ocr_line' id='line_1_21' title="bbox 209 2349 1819 2424; baseline -0.002 -16"><span class='ocrx_word' id='word_1_132' title='bbox 209 2350 421 2422; x_wconf 87' lang='lat' dir='ltr'><em>quarto</em></span> <span class='ocrx_word' id='word_1_133' title='bbox 454 2349 576 2424; x_wconf 86' lang='lat'>(2):</span> <span class='ocrx_word' id='word_1_134' title='bbox 621 2350 765 2408; x_wconf 87' lang='lat' dir='ltr'><em>Non</em></span> <span class='ocrx_word' id='word_1_135' title='bbox 814 2353 903 2408; x_wconf 79' lang='lat' dir='ltr'><em>est</em></span> <span class='ocrx_word' id='word_1_136' title='bbox 943 2350 1045 2421; x_wconf 81' lang='lat' dir='ltr'><em>qni</em></span> <span class='ocrx_word' id='word_1_137' title='bbox 1098 2350 1322 2406; x_wconf 80' lang='lat' dir='ltr'><em>invocet</em></span> <span class='ocrx_word' id='word_1_138' title='bbox 1368 2365 1578 2406; x_wconf 87' lang='lat' dir='ltr'><em>nomen</em></span> <span class='ocrx_word' id='word_1_139' title='bbox 1637 2352 1819 2421; x_wconf 78' lang='lat' dir='ltr'><em>tuum,</em></span> 
     </span>
     <span class='ocr_line' id='line_1_22' title="bbox 207 2450 1120 2521; baseline -0.002 -15"><span class='ocrx_word' id='word_1_140' title='bbox 207 2450 315 2521; x_wconf 80' lang='lat' dir='ltr'><em>qui</em></span> <span class='ocrx_word' id='word_1_141' title='bbox 358 2450 683 2521; x_wconf 77' lang='lat' dir='ltr'><em>consnryat</em></span> <span class='ocrx_word' id='word_1_142' title='bbox 722 2451 777 2505; x_wconf 86' lang='lat' dir='ltr'><em>et</em></span> <span class='ocrx_word' id='word_1_143' title='bbox 821 2450 1009 2506; x_wconf 85' lang='lat' dir='ltr'><em>teneat</em></span> <span class='ocrx_word' id='word_1_144' title='bbox 1050 2452 1120 2506; x_wconf 84' lang='lat' dir='ltr'><em>te.</em></span> 
     </span>
    </p>

    <p class='ocr_par' dir='ltr' id='par_1_3' title="bbox 208 2547 1822 2717">
     <span class='ocr_line' id='line_1_23' title="bbox 374 2547 1822 2620; baseline -0.001 -15"><span class='ocrx_word' id='word_1_145' title='bbox 374 2547 625 2619; x_wconf 86' lang='lat' dir='ltr'><em>Septimo</em></span> <span class='ocrx_word' id='word_1_146' title='bbox 666 2548 1101 2617; x_wconf 78' lang='lat' dir='ltr'><em>consideremuS,</em></span> <span class='ocrx_word' id='word_1_147' title='bbox 1138 2549 1434 2616; x_wconf 83' lang='lat' dir='ltr'><em>carissimi,</em></span> <span class='ocrx_word' id='word_1_148' title='bbox 1465 2547 1610 2620; x_wconf 90' lang='lat' dir='ltr'><em>quod</em></span> <span class='ocrx_word' id='word_1_149' title='bbox 1655 2548 1822 2620; x_wconf 86' lang='lat' dir='ltr'><em>plena</em></span> 
     </span>
     <span class='ocr_line' id='line_1_24' title="bbox 208 2643 1822 2717; baseline -0.001 -13"><span class='ocrx_word' id='word_1_150' title='bbox 208 2647 289 2705; x_wconf 89' lang='lat' dir='ltr'><em>sit</em></span> <span class='ocrx_word' id='word_1_151' title='bbox 330 2646 519 2703; x_wconf 88' lang='lat' dir='ltr'><em>Maria</em></span> <span class='ocrx_word' id='word_1_152' title='bbox 570 2647 931 2717; x_wconf 75' lang='lat' dir='ltr'><em>respersione</em></span> <span class='ocrx_word' id='word_1_153' title='bbox 995 2643 1324 2714; x_wconf 78' lang='lat' dir='ltr'><em>odoriferae</em></span> <span class='ocrx_word' id='word_1_154' title='bbox 1384 2644 1613 2716; x_wconf 78' lang='lat' dir='ltr'><em>famae;</em></span> <span class='ocrx_word' id='word_1_155' title='bbox 1674 2645 1822 2703; x_wconf 83' lang='lat' dir='ltr'><em>sicut</em></span> 
     </span>
    </p>
   </div>
   <div class='ocr_carea' id='block_1_3' title="bbox 210 2791 537 2799">
    <p class='ocr_par' dir='ltr' id='par_1_4' title="bbox 210 2791 537 2799">
     <span class='ocr_line' id='line_1_25' title="bbox 210 2791 537 2799; baseline 0 682"><span class='ocrx_word' id='word_1_156' title='bbox 210 2791 537 2799; x_wconf 95' lang='lat' dir='ltr'><em> </em></span> 
     </span>
    </p>
   </div>
   <div class='ocr_carea' id='block_1_4' title="bbox 336 2874 1725 3017">
    <p class='ocr_par' dir='ltr' id='par_1_5' title="bbox 336 2874 1725 3017">
     <span class='ocr_line' id='line_1_26' title="bbox 341 2874 1725 2936; baseline -0.001 -13"><span class='ocrx_word' id='word_1_157' title='bbox 341 2878 389 2936; x_wconf 90' lang='lat'><em>1)</em></span> <span class='ocrx_word' id='word_1_158' title='bbox 426 2876 581 2923; x_wconf 84' lang='lat' dir='ltr'><em>Verba</em></span> <span class='ocrx_word' id='word_1_159' title='bbox 620 2877 741 2933; x_wconf 80' lang='lat' dir='ltr'><em>Quis</em></span> <span class='ocrx_word' id='word_1_160' title='bbox 772 2890 871 2922; x_wconf 87' lang='lat' dir='ltr'><em>non</em></span> <span class='ocrx_word' id='word_1_161' title='bbox 905 2877 997 2923; x_wconf 85' lang='lat' dir='ltr'><em>ete.</em></span> <span class='ocrx_word' id='word_1_162' title='bbox 1036 2875 1202 2922; x_wconf 81' lang='lat' dir='ltr'><em>addita</em></span> <span class='ocrx_word' id='word_1_163' title='bbox 1236 2876 1350 2921; x_wconf 84' lang='lat' dir='ltr'><em>sunt</em></span> <span class='ocrx_word' id='word_1_164' title='bbox 1381 2888 1438 2921; x_wconf 84' lang='lat' dir='ltr'><em>ex</em></span> <span class='ocrx_word' id='word_1_165' title='bbox 1471 2874 1725 2922; x_wconf 67' lang='lat' dir='ltr'><em>codicibus».</em></span> 
     </span>
     <span class='ocr_line' id='line_1_27' title="bbox 336 2957 643 3017; baseline -0.003 -13"><span class='ocrx_word' id='word_1_166' title='bbox 336 2958 388 3017; x_wconf 80' lang='lat'><em>2)</em></span> <span class='ocrx_word' id='word_1_167' title='bbox 424 2957 560 3004; x_wconf 76' lang='lat' dir='ltr'><em>Vere.</em></span> <span class='ocrx_word' id='word_1_168' title='bbox 598 2958 643 3003; x_wconf 84' lang='lat'><em>7.</em></span> 
     </span>
    </p>
   </div>
  </div>
 </body>
</html>
