2237 3481
378 246 471 326 88.
884 264 1176 310 εΡΕουισΜ
1216 263 1269 309 13.
1312 266 1372 311 M.
1419 264 1474 312 v.

377 458 750 520 subtilissima
793 461 870 520 sit
911 463 968 520 in
1011 463 1164 520 caelo
1226 479 1367 536 quae
1428 463 1574 522 dono
1633 462 1980 522 humilitatis

287 633 292 637 .
376 559 497 619 tam
526 560 899 619 subtilissima
927 560 1037 619 fuit
1064 562 1122 619 in
1154 562 1402 620 mundo?
1442 561 1637 635 Ipsam
1666 564 1814 620 enim
1843 564 1981 622 allo·

376 665 554 734 quens
582 660 783 719 beatus
824 660 1151 718 Bernardus
1176 659 1286 735 (1),
1328 660 1442 718 ait:
1494 684 1523 713 «
1552 661 1859 734 Nunquam
1891 679 1982 720 su·

376 777 484 834 pra
524 760 724 820 choros
765 761 1096 834 angelorum
1134 762 1443 819 sublimata
1470 761 1837 830 ascendisses,
1869 763 1982 819 nisi

376 861 538 933 prius
578 859 731 918 infra
774 876 965 919 omnes
1006 859 1262 918 homines
1303 859 1605 918 humiliata
1661 861 1983 919 descendis-

375 975 468 1016 ses
497 982 554 1016 ».
596 990 679 1001 -
717 958 885 1027 Item,
928 958 1062 1031 quid
1112 959 1338 1029 mirum,
1395 959 1445 1016 si
1500 958 1628 1017 dote
1684 958 1982 1033 aqilitatis

375 1058 729 1117 velocissima
773 1057 851 1116 sit
890 1059 948 1115 in
989 1058 1143 1116 caelo
1187 1074 1329 1130 quae
1390 1058 1534 1117 dono
1576 1057 1808 1130 pietatis
1857 1058 1980 1115 tam

374 1158 727 1217 velocissima
788 1156 898 1215 fuit
938 1158 996 1214 in
1039 1157 1288 1215 mundo?
1326 1156 1466 1230 Ipsa
1526 1173 1769 1230 namque
1831 1157 1986 1215 abiit

374 1256 442 1314 in
480 1259 764 1315 montana
806 1272 937 1314 cum
973 1254 1348 1326 festinatione
1376 1256 1465 1329 (2)
1511 1271 1612 1327 pro
1652 1254 1833 1314 officio
1865 1231 1998 1327 pie-⁸

375 1353 534 1423 tatis,
575 1355 643 1412 de
683 1356 841 1413 cuius
882 1354 1264 1413 festinationis
1290 1354 1588 1413 velocitate
1616 1352 1819 1411 beatus
1850 1354 1987 1412 Am-

376 1452 600 1512 brosius
623 1453 712 1527 (3)
743 1451 856 1510 ait:
895 1475 926 1505 α
948 1452 1066 1522 Quo
1096 1454 1207 1510 iam
1240 1452 1354 1511 Deo
1377 1452 1563 1525 plena,
1591 1452 1700 1510 nisi
1728 1452 1795 1509 in
1822 1470 1986 1509 mon·

378 1555 524 1610 tana
562 1569 692 1610 eum
731 1550 1105 1622 festinatione
1146 1551 1516 1609 ascenderet?
1556 1550 1756 1608 Nescit
1811 1550 1984 1609 tarda

375 1650 666 1709 molimina
706 1649 954 1723 Spiritus
995 1648 1183 1728 sancti,
1219 1647 1411 1721 gratia
1438 1669 1498 1705 »2
1526 1681 1608 1690 —
1634 1648 1804 1715 Item,
1845 1648 1984 1720 quid

375 1750 600 1819 mirum,
643 1750 691 1807 si
741 1748 870 1809 dote
916 1748 1413 1821 impassibilitatis
1467 1747 1985 1821 impassibilissima

377 1847 455 1904 sit
493 1848 554 1905 in
593 1848 745 1906 caelo
788 1863 929 1920 quae
970 1847 1115 1905 dono
1161 1845 1467 1918 patientiae
1527 1845 1584 1904 et
1638 1847 1986 1918 aequanimi·

375 1946 518 2005 tatis
561 1945 680 2003 tam
722 1945 1238 2018 impassibilissima
1278 1944 1389 2002 fuit
1414 1945 1472 2001 in
1503 1944 1729 2011 mund0‚
1758 1943 1826 2001 ut
1854 1944 1985 2017 ipsa

374 2062 477 2103 nec
517 2045 806 2102 minimum
851 2043 1241 2117 impatientiae
1281 2044 1372 2101 vel
1414 2043 1524 2101 odii
1566 2043 1776 2101 vulnus
1803 2043 1987 2101 senti-

376 2143 482 2213 ret,
524 2160 648 2202 cum
691 2160 860 2201 swam
903 2143 1091 2215 ipsius
1120 2142 1382 2199 animam
1417 2141 1657 2215 yladius
1674 2143 1987 2213 pertrans-

375 2242 489 2299 iret
518 2240 658 2316 (4).2
698 2240 880 2299 Immo
922 2240 1093 2299 etiam
1154 2241 1378 2313 signum
1437 2240 1708 2307 vulneri8‚
1753 2240 1984 2312 signum

375 2340 657 2413 passionis
696 2338 1084 2412 impatientiae
1126 2355 1228 2396 neo
1267 2338 1509 2411 legimus
1551 2354 1652 2396 nec
1699 2337 1985 2396 credimus

375 2440 434 2497 in
477 2439 661 2497 Maria
722 2439 1054 2512 quandoque
1109 2439 1475 2511 apparuisse3
1538 2437 1685 2495 unde
1740 2437 1988 2495 Bernar-

375 2538 482 2596 dus
506 2537 595 2613 (5)
625 2535 738 2595 ait:
781 2560 810 2589 α
830 2537 1074 2597 Revolve
1100 2535 1402 2609 diligenter
1423 2536 1780 2609 evangelicae
1807 2534 1987 2594 histo·

504 2786 551 2846 1)
585 2785 708 2834 Ibid.
743 2800 792 2832 n.
827 2786 876 2832 5.
1576 2784 1627 2844 2)
1663 2783 1775 2830 Luc.
1817 2785 1862 2842 1,
1900 2784 1983 2832 39.

501 2868 549 2928 3)
584 2867 647 2915 ΙΙ.
682 2867 732 2914 in
765 2867 876 2914 Luc.
913 2881 963 2914 n.
1003 2867 1077 2914 19.
1577 2866 1628 2925 4)
1663 2865 1776 2913 Luc.
1813 2865 1864 2924 2,
1901 2867 1983 2914 35.

500 2949 550 3008 5)
586 2947 736 2996 Serm.
771 2949 828 2995 de
861 2948 993 2995 Dom.
1026 2946 1156 2994 infra
1189 2944 1294 2994 Oet.
1328 2946 1541 2994 Assumt.
1565 2946 1622 2993 Β.
1657 2945 1723 2993 Μ.
1759 2945 1818 2993 V.
1855 2959 1907 2994 11.
1933 2947 1983 2994 2.
