2237 3481
874 291 1072 333 Laome
1117 291 1202 332 111.
1762 273 1837 331 37

228 482 522 541 illuminat
562 482 850 550 mundum,
893 482 988 539 ubi
1030 482 1190 539 dies?
1218 482 1375 541 Tolle
1405 482 1662 549 Mariam,
1692 480 1839 538 hanc

229 583 409 639 maris
451 581 697 649 stellam,
740 581 873 653 quid
915 582 1024 638 nisi
1065 580 1246 652 caligo
1289 580 1582 638 involvens
1622 578 1680 636 et
1721 597 1836 636 urn-

227 681 334 738 bra
362 680 564 737 mortis
592 696 657 736 ac
679 679 1040 736 densissimae
1063 679 1327 735 tenebrae
1349 678 1748 750 relinquamur
1770 680 1837 733 »1³

225 812 309 819 —-
350 778 522 836 Vides
564 778 743 846 mode,
786 777 1058 850 quomodo
1100 777 1283 833 Maria
1325 779 1412 833 est
1463 776 1837 833 illuminatrix

226 894 330 949 per
357 876 762 933 lucidissimam
793 876 975 932 vitam
1005 892 1199 943 suam3
1229 874 1384 932 vides
1414 874 1674 941 secundo,
1705 891 1836 946 quo-

228 974 394 1037 modo
437 972 691 1046 ipsa'est
731 972 1104 1031 illuminatrix
1150 989 1248 1044 per
1288 972 1688 1030 lucidissimam
1732 973 1835 1029 mi-

222 1071 613 1131 sericordiam
655 1089 836 1129 suam.

396 1170 584 1228 Tertio
627 1170 934 1236 considera,
977 1170 1281 1236 carissime,
1326 1168 1471 1240 quod
1525 1168 1707 1225 Maria
1749 1168 1838 1225 est

225 1269 606 1325 illuminatrix
634 1268 803 1325 etiam
829 1284 928 1339 per
950 1267 1352 1324 lucidissimam
1373 1266 1631 1337 yloriam
1654 1283 1831 1335 suam,

224 1384 371 1440 quae
418 1383 518 1438 per
560 1367 746 1424 omnia
789 1365 1076 1422 illuminat
1117 1365 1330 1422 caelum
1378 1364 1523 1421 sicut
1565 1364 1648 1421 sol
1678 1381 1836 1421 mun·

225 1466 383 1533 dum,
425 1465 584 1522 iuxta
626 1463 767 1520 illud
825 1463 1204 1520 Ecclesiastici
1259 1462 1690 1534 quadragesimo
1748 1479 1836 1520 se-

223 1562 410 1621 cundo
441 1560 562 1636 (1):
609 1560 714 1619 Sol
758 1561 1107 1618 illuminans
1154 1576 1265 1631 per
1307 1561 1508 1629 omnia
1561 1560 1832 1631 respexit,

224 1664 281 1719 et
334 1660 532 1735 yloria
588 1661 836 1717 Domini
889 1660 1129 1730 plenum
1185 1661 1270 1717 est
1322 1675 1466 1730 opus
1529 1659 1671 1715 eius,
1731 1656 1836 1715 Sol

222 1761 579 1818 illuminans
619 1760 707 1816 est
748 1759 948 1826 Maria,
992 1774 1134 1831 quae
1176 1758 1264 1815 est
1283 1757 1538 1829 pulchra
1565 1759 1634 1814 ut
1663 1757 1827 1829 luna,

223 1859 404 1916 electa
443 1861 510 1915 ut
550 1857 639 1915 sol
663 1858 783 1932 (2):
817 1857 1080 1930 pulchra
1118 1860 1186 1914 ut
1230 1856 1390 1928 luna,
1422 1873 1521 1927 per
1562 1856 1830 1928 gratiam,

227 1959 411 2015 electa
452 1960 520 2014 ut
558 1956 666 2029 sol,
713 1974 811 2029 per
849 1957 1110 2029 gloriam.
1162 1954 1374 2013 Gloria
1411 1956 1558 2012 enim
1587 1954 1833 2011 Domini

213 2056 463 2127 plenum
504 2059 588 2113 est
626 2071 770 2126 opus
810 2055 950 2113 εἰπε.
1005 2052 1163 2126 Opus
1203 2054 1449 2111 Domini
1491 2052 1835 2110 excellentis-

226 2156 433 2211 simum
475 2153 563 2210 est
604 2153 817 2223 Maria3
860 2152 963 2211 hoc
1019 2169 1178 2224 opuS,
1223 2152 1370 2209 sicut
1432 2151 1658 2222 plenum
1723 2149 1833 2207 fuit

224 2252 419 2325 gratia
460 2252 683 2310 Domini
726 2253 782 2308 in
827 2250 1052 2318 mundo,
1096 2252 1178 2307 sic
1222 2250 1446 2321 plenum
1506 2250 1593 2307 est
1648 2250 1832 2321 gloria

224 2350 455 2408 Domini
496 2351 554 2406 in
596 2350 766 2407 caelo.
810 2349 900 2407 Sol
945 2365 1077 2421 ergo
1121 2349 1449 2405 illuminans
1506 2348 1593 2405 est
1649 2348 1831 2404 Maria

223 2449 283 2506 in
326 2448 511 2520 gloria
555 2463 657 2504 sua
699 2447 964 2514 rutilans,
997 2463 1112 2518 per
1154 2444 1356 2503 omnia
1405 2445 1656 2516 respicit,
1701 2446 1832 2517 quia

226 2564 329 2619 per
371 2562 563 2604 omnes
603 2545 836 2618 angelos
878 2546 935 2603 et
977 2562 1077 2617 per
1120 2562 1310 2603 omnes
1354 2544 1580 2601 sanctos
1618 2544 1831 2616 gloriae
1891 2553 1896 2556 “

223 2662 362 2702 suae
403 2644 871 2702 illuminationem
915 2644 1184 2701 extendit.
1216 2643 1358 2712 Quid
1387 2644 1610 2712 mirum,
1643 2644 1688 2699 si
1718 2642 1833 2699 Ma-

222 2745 342 2800 riae
406 2743 728 2814 praesentia
790 2742 973 2800 totum
1038 2741 1327 2800 illuminat
1391 2742 1625 2808 caelum,
1670 2758 1831 2813 quae,

355 2955 401 3014 1)
437 2955 572 3001 Vers.
613 2954 687 3000 16.
1439 2954 1487 3013 2)
1525 2952 1663 3000 Cant.
1699 2954 1747 3010 6,
1782 2953 1829 2999 9.
