2237 3481
874 296 1074 364 morio
1117 296 1220 339 vn.
1735 281 1847 339 107

230 492 651 549 cinnamomum
696 490 752 546 in
794 490 1031 557 actione,
1076 489 1224 546 sicut
1259 488 1572 546 balsamum
1619 489 1676 545 in
1725 505 1850 546 con-

230 588 625 660 templatione,
676 588 822 654 sicui}
884 587 1116 661 myrrha
1178 588 1236 644 in
1301 588 1580 659 passione.
1623 585 1669 644 Ο
1718 603 1848 644 vere

227 688 391 745 dives
433 689 491 745 et
534 688 702 744 nimis
744 687 899 743 dives
940 703 1094 759 ager,
1141 688 1236 758 qui
1279 686 1506 757 praeter
1560 685 1674 742 alia
1727 701 1848 743 aro-

228 785 390 842 mata
432 785 549 842 tam
610 785 813 857 plenus
867 784 978 842 fuit
1028 783 1303 842 odorifero
1360 780 1606 856 Spiritus
1664 784 1846 840 sancti

226 884 506 952 balsamo,
549 883 616 940 ut
656 882 794 939 bene
823 883 889 940 de
919 883 1016 940 illo
1059 881 1230 940 verbo
1262 880 1379 956 (1):
1420 880 1683 953 Spiritus
1713 897 1847 939 san-

227 986 361 1039 ctus
401 983 764 1054 superveniet
807 982 870 1037 in
913 984 982 1053 te,
1026 980 1227 1037 beatus
1278 980 1604 1037 Bernardus
1635 979 1723 1053 (2)
1769 978 1845 1036 di-

225 1079 356 1138 cat:
411 1102 440 1130 α
482 1079 799 1137 Pretiosum
842 1078 985 1135 illud
1027 1077 1344 1135 balsamum
1394 1077 1560 1135 tanta
1602 1077 1706 1134 tibi
1762 1093 1845 1136 co-

227 1180 345 1251 pia,
391 1178 665 1250 tanizaque
709 1177 1059 1249 plenitudine
1100 1176 1321 1244 influet,
1357 1175 1423 1232 ui:
1464 1177 1844 1248 copiosissime

228 1277 434 1336 effluat
473 1278 906 1349 circumquaque
934 1299 991 1332 ».
1033 1276 1185 1333 Bene
1228 1292 1362 1349 ergo
1419 1275 1599 1332 dicere
1657 1274 1845 1346 potuit

230 1376 389 1432 Deus
432 1374 637 1431 Pater:
681 1375 851 1447 Eece,
897 1375 1042 1432 odor
1089 1373 1247 1431 Filii
1308 1373 1420 1430 mei
1482 1374 1636 1430 sieut
1697 1374 1843 1430 odor

226 1475 369 1547 ayn·
427 1465 612 1546 pleni,
655 1474 815 1545 quasi
880 1472 1061 1529 dicat:
1128 1471 1285 1539 Ecce,
1330 1471 1510 1530 honor
1571 1471 1629 1528 et
1690 1469 1842 1527 fama

226 1572 385 1645 pleni
429 1567 559 1628 Filii
604 1572 711 1628 mei
751 1588 815 1627 ex
857 1570 1067 1629 honore
1111 1569 1169 1627 ei:
1212 1569 1362 1627 fama
1406 1570 1605 1641 plenae
1637 1569 1840 1625 matris

224 1687 363 1728 suae
404 1668 523 1738 est3
568 1668 714 1726 unde
756 1667 1135 1742 Hieronymus
1168 1667 1256 1742 (3)
1294 1667 1402 1726 ait:
1446 1689 1475 1718 «
1499 1666 1695 1725 Honor
1727 1683 1838 1723 ma-

222 1771 428 1827 ternus
470 1769 590 1825 eius
618 1768 723 1834 est,
755 1768 851 1840 qui
880 1767 969 1825 est
996 1766 1171 1824 natus
1199 1766 1265 1825 de
1296 1784 1361 1824 ea
1388 1790 1445 1823 ».

386 1865 601 1924 Octavo
648 1865 1079 1933 consideremuS,
1124 1865 1418 1933 carissimi,
1468 1864 1615 1937 quod
1672 1864 1840 1936 plena

220 1964 314 2023 est
353 1964 541 2021 Maria
580 1963 963 2022 resultatione
1002 1963 1121 2020 sive
1160 1963 1687 2048 repraesentatione
1720 1962 1839 2020 sive

220 2061 589 2134 cmpressione
604 2059 836 2119 divinae
853 2061 1103 2134 yloriae,
1121 2061 1176 2118 iu
1185 2061 1277 2117 xta
1302 2048 1442 2118 illud
1459 2059 1837 2117 Ecclesiastici

220 2160 658 2233 quadragesimo
682 2158 922 2216 secundo
944 2158 1033 2233 (4)
1053 2181 1065 2215 ε
1098 2157 1312 2216 Gloria
1335 2158 1580 2216 Domini
1596 2157 1837 2229 plenum

221 2260 309 2317 est
350 2273 501 2328 opus
543 2257 685 2315 eius.
715 2256 872 2329 Opus
914 2257 1141 2315 Domini
1183 2255 1647 2323 antonomastice,
1692 2271 1838 2326 opus

219 2357 474 2414 Domini
503 2355 759 2413 mirabile
788 2355 876 2412 est
903 2355 1104 2423 Maria,
1138 2356 1270 2428 quia
1298 2371 1586 2427 nunquam
1619 2354 1837 2411 inveni-

217 2455 319 2512 tur
362 2454 581 2523 simile;
623 2453 771 2511 unde
801 2453 959 2511 tertii
987 2452 1202 2526 Regum
1233 2452 1443 2510 decimo
1475 2452 1564 2528 (5)
1595 2452 1832 2510 dicitur:

349 2721 395 2780 1)
431 2720 544 2766 Luc.
586 2719 630 2777 l,
666 2720 743 2766 35.

344 2803 397 2861 2)
433 2800 582 2848 Serm.
618 2800 668 2846 in
702 2800 870 2847 Nativ.
907 2800 961 2847 B.
1000 2801 1064 2847 Μ.
1101 2800 1159 2846 V.
1195 2814 1245 2846 n.
1281 2801 1328 2846 5.

344 2882 394 2939 3)
432 2880 589 2940 Epist.
624 2880 711 2928 cit.
747 2894 796 2927 n.
834 2881 880 2927 8.
1135 2873 1146 2876 ’

341 2962 395 3022 4)
430 2962 567 3009 Vere.
608 2959 682 3009 16.
1474 2960 1541 3020 ,5)
1577 2960 1711 3007 Vere.
1747 2959 1827 3005 20.
