2237 3481
404 227 521 284 226
913 243 1205 285 spncunuu
1245 244 1298 286 B.
1341 243 1404 284 u.
1447 244 1501 285 v.

402 436 568 511 cepit.
632 436 875 509 Ideoque
937 435 1074 494 bene
1139 435 1499 508 Augustinus
1529 433 1619 510 (1)
1684 436 2011 494 exclamans

404 534 570 594 dicit:
623 557 652 587 a
680 533 727 593 Ο
768 534 976 593 femina
1019 551 1189 607 super
1232 534 1470 592 feminas
1513 534 1822 602 benedicta,
1867 551 2011 607 quae

403 634 589 691 virum
631 634 856 693 omnino
898 649 1010 692 non
1051 632 1213 692 novit
1254 633 1313 691 et
1355 634 1539 690 virum
1569 632 1733 691 utero
1778 650 1882 692 suo
1909 633 2014 711 cir-

403 730 687 798 cumdedit
712 734 769 788 »Ι

566 831 654 888 Sic
694 829 890 904 igitur,
934 830 1230 898 carissimi,
1274 829 1567 887 benedicta
1621 846 1725 903 pro
1789 828 2015 887 humili-

405 929 546 999 tate,
589 928 881 987 benedicta
926 945 1027 1000 pro
1068 927 1327 997 caritate,
1369 927 1663 986 benedicta
1716 945 1820 1000 pro
1875 929 2014 986 leni-

405 1028 543 1097 tate,
591 1027 881 1085 benedicta
923 1043 1026 1099 pro
1068 1025 1430 1094 strenuitate,
1473 1025 1764 1084 benedicta
1809 1042 1912 1098 pro
1940 1027 2016 1083 li-

406 1125 725 1193 beralitate,
769 1125 1059 1183 benedicta
1100 1141 1205 1197 pro
1233 1123 1557 1192 sobrietate,
1586 1124 1879 1182 benedicta
1910 1140 2014 1197 pro

405 1224 672 1284 castitate
712 1224 896 1281 Maria
937 1223 1141 1282 merito
1182 1222 1310 1291 fuit,
1351 1239 1494 1295 quae
1546 1222 1872 1281 humilitate
1925 1240 2015 1280 ex-

405 1322 826 1390 cellentissima,
870 1316 1109 1381 caritate
1151 1320 1602 1394 opulentissima,
1636 1320 1877 1379 lenitate
1919 1338 2016 1393 pa-

407 1422 767 1489 tientissima,
833 1419 1175 1478 strenuitate
1236 1419 1673 1487 ferventissima,
1737 1419 2017 1493 largitate

407 1520 853 1592 effluentissima,
898 1518 1205 1579 sobrietate
1233 1518 1739 1586 abstinentissima‚
1785 1518 2017 1591 virgini-

408 1619 529 1678 tate
571 1617 1057 1677 continentissima
1100 1617 1228 1675 fuit.
1265 1616 1371 1674 Eia
1399 1633 1552 1689 ergo,
1582 1617 1646 1673 tu
1675 1617 1796 1674 tam
1827 1616 2017 1674 multi-

409 1717 633 1792 pliciter
660 1716 968 1787 benedicta,
1010 1716 1075 1775 tu
1104 1716 1220 1774 tam
1267 1715 1504 1775 feliciter
1546 1715 2018 1788 superbenedicta

408 1819 610 1888 Maria,
652 1835 896 1885 oramus,
953 1817 1019 1874 ut
1059 1833 1163 1891 pro
1206 1816 1307 1874 tua
1349 1815 1729 1874 benedictione
1772 1832 1878 1875 nos
1920 1816 2019 1873 mi-

411 1933 567 1977 seros
607 1916 898 1975 absolutos
939 1915 1011 1973 ab
1052 1916 1206 1974 omni
1251 1914 1637 1974 maledictione
1666 1914 1873 1988 dignos
1900 1914 2020 1972 red·

410 2016 513 2075 das
553 2016 747 2074 divina
787 2014 1186 2074 benedictione.
1245 2014 1355 2071 Per
1395 2012 1697 2073 Dominum
1753 2013 2019 2072 nostrum

410 2116 601 2174 Iesum
646 2113 933 2172 Christum
978 2113 1183 2171 Filium
1228 2113 1390 2171 tuum
1432 2111 1538 2170 etc.

411 2268 731 2277 ————.—-

542 2347 588 2407 1)
622 2346 769 2394 Serm.
811 2345 914 2392 194.
950 2345 1149 2404 append.
1190 2343 1331 2404 (alias
1368 2343 1441 2390 18.
1476 2344 1534 2390 de
1565 2342 1752 2402 Sanct.)
1789 2358 1838 2390 n.
1877 2343 1925 2390 3.
