2237 3481
877 265 1076 307 an'rlo
1118 265 1182 306 11.
1766 247 1839 306 15

394 455 561 522 Item,
607 472 710 512 vae
754 455 1143 526 peccatoribus
1187 472 1288 528 pro
1325 456 1492 528 culpa
1522 458 1663 529 oris,
1695 456 1842 514 sicut

232 554 440 612 dicitnr
481 554 668 611 Isaiae
710 554 909 625 quinto
934 551 1056 627 (1):
1103 554 1219 612 Vae
1249 555 1352 625 qui
1380 554 1575 613 dicitis
1616 554 1841 612 malum

234 652 448 710 bonum
476 654 531 709 et
559 652 775 709 bonum
816 652 1059 709 malwm.
1088 652 1207 710 Vae
1237 654 1317 709 eis
1346 653 1403 709 ot
1430 670 1533 709 vae
1563 654 1839 722 omnibuS,

231 752 328 823 qui
358 767 453 809 oro
496 750 748 822 peccant,
779 752 910 822 quia
939 744 1217 808 venenum
1253 750 1458 809 diaboli
1503 753 1561 808 in
1590 768 1683 810 ore
1718 768 1840 824 por-

232 848 381 917 tant,
411 848 560 905 sicut
598 849 657 905 in
702 847 930 906 Psalmo
954 848 1042 921 (2)
1089 848 1324 906 dicissur:
1371 849 1662 907 Venenum
1689 851 1840 922 aspi-

232 948 376 1006 dum
401 947 506 1005 sub
535 946 711 1005 labiis
738 963 957 1005 eorum.
988 946 1034 1005 Ο
1064 964 1232 1020 quam
1277 948 1442 1021 longe
1484 948 1556 1006 ab
1598 949 1708 1007 isto
1737 966 1840 1006 vae

231 1045 344 1103 fuit
384 1044 805 1103 sanctissimum
850 1061 913 1102 os
954 1043 1200 1102 Mariae!
1246 1045 1405 1102 Unde
1435 1045 1571 1103 bene
1599 1047 1843 1104 Ambro-

232 1146 353 1201 sius
376 1143 466 1217 (3)
511 1143 676 1201 dicit:
730 1165 759 1194 α
788 1141 949 1200 Nihil
992 1143 1218 1201 torvum
1263 1145 1318 1200 in
1385 1144 1563 1201 oculis
1606 1145 1837 1214 Mariae,

231 1242 375 1299 nihil
418 1243 474 1298 in
518 1241 707 1299 verbis
751 1258 974 1313 procax,
1018 1241 1161 1298 nihil
1227 1242 1283 1298 in
1346 1242 1477 1300 actu
1520 1244 1841 1300 inverecun-

229 1341 366 1398 dum
409 1340 520 1398 fuit
545 1364 604 1396 ».
646 1341 718 1398 In
762 1355 856 1398 ore
898 1339 1076 1412 igitur
1118 1340 1331 1397 Mariae
1373 1357 1485 1399 non
1529 1340 1638 1398 fuit
1679 1342 1755 1400 fel
1784 1343 1841 1401 et

230 1456 509 1499 venenum
550 1438 776 1507 diaboli,
821 1438 918 1496 sed
959 1438 1068 1495 mel
1109 1439 1169 1495 et
1210 1439 1299 1496 lac
1342 1439 1589 1511 Spiritus
1634 1442 1835 1509 sancti,

228 1538 392 1596 iuxta
412 1537 555 1594 illud
580 1537 937 1595 canticorum
961 1537 1167 1609 quarsso
1180 1536 1288 1611 (4):
1314 1538 1520 1596 Favus
1540 1537 1841 1597 distillans

232 1636 398 1695 labia
445 1638 565 1708 tua,
617 1651 871 1707 sponsa,·
910 1635 1023 1692 mel
1085 1637 1141 1692 ei
1181 1635 1274 1693 lac
1312 1635 1419 1693 sub
1464 1636 1672 1709 linqua
1718 1639 1840 1694 tua.

230 1735 440 1795 Nonne
482 1734 665 1793 Maria
728 1734 1158 1792 mundissimum
1223 1735 1313 1793 lac
1355 1735 1461 1793 sub
1501 1735 1700 1809 lingua
1742 1735 1837 1793 ha-

229 1835 373 1903 buit,
403 1833 628 1906 quando
670 1834 1049 1890 castissimum
1094 1833 1237 1890 illud
1275 1834 1508 1891 verbum
1553 1834 1695 1891 dixit
1718 1835 1837 1910 (5):

236 1933 539 2008 Quomodo
599 1932 699 2002 fiet
760 1931 938 2003 istud,
1003 1933 1283 2003 quoniam
1344 1932 1538 1988 virum
1590 1950 1712 1990 non
1754 1950 1838 1990 oo-

224 2031 495 2105 9nosco?
549 2030 751 2088 Nonne
802 2030 972 2088 etaiam
1033 2031 1218 2087 Maria
1279 2030 1663 2088 dulcissimum
1731 2032 1838 2088 mel

231 2130 341 2187 sub
380 2130 580 2201 lingua
619 2128 839 2197 habuit,
883 2129 1107 2201 quando
1147 2128 1476 2186 mellifluum
1533 2130 1673 2187 illud
1715 2147 1838 2186 ver-

229 2230 365 2287 bum
411 2227 554 2284 dixit
576 2226 697 2301 (6):
751 2228 920 2299 Ecce,
965 2226 1189 2284 aneilla
1232 2228 1497 2300 Domini,
1540 2227 1651 2297 fiat
1690 2228 1841 2285 mihi

225 2326 545 2387 secundum
584 2327 822 2385 verbum
864 2329 1027 2383 tuum
1045 2327 1076 2382 ‚9
1105 2326 1248 2394 Quia
1278 2343 1411 2399 ergo
1441 2343 1474 2383 a
1503 2327 1686 2383 Maria
1719 2328 1837 2384 tam

226 2428 400 2499 longe
422 2424 534 2482 fuit
563 2426 676 2483 oris
704 2442 824 2494 vae,
854 2425 975 2483 ideo
1005 2426 1205 2482 morito
1235 2426 1282 2482 ei
1314 2425 1525 2483 dicium
1554 2425 1671 2483 est:
1696 2424 1838 2483 Ave.

312 2669 317 2672 ’
360 2693 406 2753 1)
444 2691 578 2738 Vers.
614 2691 693 2738 20.
1377 2691 1428 2748 2)
1466 2691 1639 2737 Psalm.
1681 2691 1754 2749 13,
1791 2691 1836 2738 3.

358 2774 408 2833 3)
444 2773 506 2820 11.
542 2773 598 2819 de
631 2771 906 2829 Virginibus
938 2785 979 2819 c.
1015 2773 1062 2819 2.
1099 2786 1148 2819 n.
1187 2773 1230 2819 7.

357 2855 409 2913 4)
446 2854 581 2901 Vers.
622 2853 696 2899 11.
1439 2854 1489 2914 5)
1525 2855 1637 2901 Luc.
1680 2853 1721 2912 1,
1760 2853 1835 2900 34.

357 2936 409 2994 6)
446 2934 515 2981 lb.
554 2948 598 2981 v.
636 2934 713 2981 38.
