2237 3481
862 276 1061 319 Luc‘rlo
1102 277 1238 323 ΠΗ..
1729 262 1845 322 255

253 466 409 538 tulit,
450 467 578 539 ipsa
621 466 768 525 sicut
804 467 955 526 oliva
995 466 1307 541 fructifera,
1335 469 1462 542 ipsa
1489 469 1651 543 quasi
1689 469 1849 529 oliva

251 566 511 638 speciosa
538 565 602 623 in
628 565 851 637 campis
875 563 964 642 (1)
1007 565 1531 625 convenientissimo
1557 566 1683 626 fuit.
1713 567 1847 627 Pro-

126 718 131 724 .
254 664 386 737 pter
436 663 585 737 quod
637 663 778 722 bone
832 662 1077 722 Ioannes
1130 663 1513 723 Damascenus
1535 664 1626 741 (2)
1680 664 1844 723 dicit:

262 785 293 814 α
318 763 503 823 Maria
542 763 601 821 in
641 761 803 822 domo
846 762 1071 821 Domini
1112 763 1378 836 plantata
1404 763 1463 823 ot
1490 764 1846 838 impinguata

252 859 469 935 Spiritu
509 861 577 918 ut
617 861 774 920 oliva
826 858 1141 931 fructifera
1198 862 1380 920 omnis
1419 861 1654 921 virtutis
1693 863 1848 922 habi-

251 958 514 1041 taculum·
542 958 695 1018 facta
722 959 811 1018 est
830 983 887 1016 ».
917 958 1071 1018 Heu!
1101 976 1272 1033 quam
1299 960 1466 1034 longe
1494 960 1567 1019 ab
1594 959 1706 1020 isto
1733 960 1847 1019 fru-

250 1057 347 1116 ctu
390 1058 828 1117 misericordium
890 1058 1117 1117 terrena
1178 1057 1654 1119 contemnentium
1710 1059 1847 1118 sunt

250 1157 471 1214 animae
511 1172 832 1225 avarorum,
862 1156 942 1224 ‚do
996 1157 1203 1229 quibus
1262 1157 1446 1216 Lucae
1487 1158 1685 1216 octavo
1717 1157 1839 1234 (3):

250 1251 312 1312 A
371 1252 868 1313 sollicitudinibus
927 1257 984 1312 et
1047 1254 1269 1314 divitiis
1328 1257 1386 1313 et
1449 1255 1845 1327 voluptatibus

247 1353 402 1410 vitae
440 1354 638 1411 evortes
694 1350 1064 1422 suffocantur
1127 1356 1181 1411 et
1233 1370 1353 1411 non
1414 1352 1681 1424 referum
1717 1352 1846 1424 fra-

247 1452 421 1509 cmm.
483 1450 703 1509 Dicitur
764 1468 981 1524 quoque
1049 1450 1426 1510 Ecclesiastao
1495 1452 1693 1526 quinto
1717 1453 1841 1528 (4):

255 1548 374 1624 Qui
412 1551 576 1607 amat
614 1548 851 1608 divitias
889 1546 1151 1618 fractum
1210 1567 1333 1607 ‘non
1393 1550 1580 1621 capiet
1638 1566 1706 1608 ex
1743 1552 1844 1609 eis.

247 1647 338 1704 Sic
378 1662 512 1719 crgo
572 1646 793 1705 fructus
854 1648 962 1706 iste
1022 1647 1340 1706 liberalium
1404 1648 1462 1705 ot
1510 1648 1846 1721 temporalia

246 1745 723 1806 contemnentium
775 1747 892 1817 ost;
935 1747 994 1804 et
1034 1747 1157 1805 ideo
1217 1747 1399 1804 Maria
1441 1763 1610 1819 super
1652 1763 1843 1806 omnes

246 1844 502 1903 homines
542 1843 653 1902 fuit
691 1844 793 1904 hoc
854 1845 1044 1903 fructu
1106 1845 1457 1918 dignissima,
1500 1846 1632 1917 quia
1674 1862 1844 1917 super

246 1959 440 2001 omnes
480 1942 733 2001 hominos
774 1944 832 2000 in
895 1943 1222 2015 contemptu
1280 1943 1672 2017 temporalium
1735 1942 1844 2001 fuit

245 2041 663 2109 liberalissima,
707 2042 852 2098 toste
893 2041 1058 2101 beato
1117 2042 1408 2101 Bel-nardo
1439 2040 1547 2118 (5),
1591 2043 1687 2114 qui
1728 2042 1840 2099 ait:

206 2179 209 2180 ν
256 2161 286 2190 «
315 2138 595 2212 Quidquid
648 2140 830 2198 Maria
883 2139 1113 2199 honoris
1174 2141 1233 2197 in
1285 2140 1511 2214 populo,
1575 2139 1844 2213 quidquid

246 2253 435 2295 rorum
478 2237 831 2296 terrenarum
875 2238 941 2295 de
1004 2236 1245 2312 paterna
1300 2238 1461 2298 domo
1502 2237 1707 2296 habere
1752 2254 1842 2310 po·

245 2335 469 2404 tuisset,
512 2336 713 2394 omnia
755 2337 1054 2394 arbitrata
1094 2340 1179 2395 est
1238 2338 1412 2409 quasi
1449 2339 1726 2409 stercora,
1765 2339 1844 2394 ‘ut

251 2432 553 2493 Christum
599 2433 967 2504 lucrifaceret
990 2435 1078 2510 (6)
1103 2458 1132 2487 ›>
1152 2479 1165 2492 .

374 2622 419 2680 1)
454 2620 601 2668 Eccli.
634 2621 715 2680 24,
754 2622 828 2668 19.

368 2701 418 2761 2)
452 2701 533 2749 IV.
568 2702 624 2749 do
655 2701 771 2749 Fide
802 2702 990 2748 orthod.
1027 2715 1068 2748 c.
1110 2701 1184 2748 14.

371 2783 418 2841 3)
455 2782 588 2830 Vei-s,
629 2782 702 2830 14.
1530 2783 1580 2842 4)
1620 2783 1752 2830 VorS.
1789 2784 1836 2830 9.

368 2863 420 2921 5)
453 2862 627 2909 Homil.
665 2863 710 2910 3.
747 2877 885 2923 super
919 2864 1102 2910 Missus
1135 2868 1207 2910 est
1240 2877 1288 2909 n.
1326 2864 1373 2910 3.

370 2944 420 3002 6)
457 2942 582 2990 Phil.
620 2943 666 3003 3,
702 2944 748 2990 8.
