2237 3481
866 269 1066 315 Laczmo
1109 270 1187 316 1v.
1752 256 1826 316 55

217 466 331 525 fuii’.
358 489 416 522 ».
460 465 586 524 Heu
629 481 797 538 quam
825 465 993 538 longe
1033 484 1068 524 a
1095 466 1287 539 gratia
1314 466 1529 524 Mariae
1571 467 1707 525 suni,
1734 467 1831 540 qui

214 566 275 622 in
318 565 442 623 cibo
486 564 543 622 θὴ
585 565 722 637 potu
765 564 934 623 toties
976 566 1280 623 excedunt!

379 663 629 736 Septimo
671 664 814 731 vide,
857 665 1165 735 carissime,
1208 665 1355 737 quod
1411 666 1594 722 Maria
1634 666 1832 723 castis-

215 763 368 820 sima
413 761 523 818 fuit
552 777 667 832 per
693 761 1109 833 virginitatem.
1138 762 1279 835 Ipsa
1314 763 1462 820 enim
1490 762 1595 831 θεὴ,
1626 763 1692 820 de
1719 781 1832 836 qua

217 860 427 918 dicitur
456 860 639 918 Lucae
669 861 848 932 primo
881 859 1001 934 (1):
1035 861 1265 919 Nomen
1305 861 1556 935 virginis
1597 863 1830 919 Maria.

214 958 469 1016 Eximiae
528 958 817 1016 castitatis
872 959 1085 1016 Mariae
1148 958 1351 1017 testem
1401 959 1831 1034 evangelistam,

215 1057 419 1115 testem
463 1058 646 1130 ipsam
703 1057 961 1126 Mariam,
1019 1057 1220 1116 testem
1277 1058 1590 1131 angelicam
1647 1075 1833 1131 perso-

217 1173 351 1214 nam
392 1155 685 1213 habemuS.
727 1156 900 1213 Casta
963 1157 1110 1214 enim
1167 1156 1277 1215 fuit
1327 1158 1583 1230 virginea
1637 1173 1832 1230 carne,

217 1253 368 1312 sicui,
409 1253 660 1310 testatur
701 1254 1074 1327 evangelista,
1117 1254 1337 1312 dicens:
1381 1255 1612 1313 Nomen
1658 1256 1834 1328 viryi-

213 1353 314 1410 nis
355 1352 587 1409 Μανία.
654 1352 877 1411 Castior
937 1353 1127 1410 autem
1171 1352 1283 1410 fuit
1331 1353 1514 1411 Maria
1575 1354 1832 1426 virginea

212 1453 421 1522 mente,
464 1449 612 1508 sicut
653 1451 896 1522 ipsamet
937 1450 1218 1520 testatum
1260 1452 1387 1524 ipsa
1427 1452 1574 1508 enim
1617 1451 1723 1520 θεὴ,
1764 1452 1831 1509 de

214 1565 331 1620 qua
373 1547 579 1605 dicitur
607 1548 792 1606 Lucae
821 1550 1002 1620 primo
1035 1549 1159 1624 (2):
1193 1549 1370 1607 Dixit
1398 1552 1594 1607 autem
1619 1549 1833 1607 Maria

213 1645 300 1704 ad
339 1645 650 1719 art-yolum:
697 1646 994 1721 Quomodo
1050 1647 1151 1718 siet
1203 1649 1384 1721 istud,
1424 1649 1708 1720 quoniam
1755 1649 1833 1705 υἱ·
1946 1658 1948 1663 “

210 1763 353 1803 rum
394 1762 512 1803 non
551 1747 872 1819 cognosco?
912 1747 968 1803 id
1010 1748 1098 1805 θεὴ
1153 1764 1266 1805 non
1320 1764 1651 1821 cognoscere
1708 1764 1832 1819 pro-

211 1859 385 1917 pono.
429 1843 762 1902 castissima
803 1861 936 1903 vero
977 1844 1089 1903 fuit
1129 1846 1311 1903 Maria
1352 1848 1607 1919 virginea
1639 1845 1830 1918 prole,

212 1942 368 2001 sicut
430 1943 668 2015 angelus
712 1943 978 2012 testatur,
1021 1945 1117 2017 qui
1181 1945 1246 2002 de
1289 1944 1401 2002 ista
1456 1945 1637 2001 Maria
1691 1944 1833 2001 dixit

210 2040 497 2099 Maithaei
540 2042 720 2114 primo
751 2041 872 2116 (3):
917 2042 1148 2115 Ioseph,
1192 2042 1283 2113 fili
1326 2043 1546 2116 David,
1584 2041 1709 2100 noli
1768 2042 1833 2099 ti-

209 2154 369 2196 mere
412 2140 670 2211 accipere
711 2140 1004 2212 Mariam,
1047 2141 1345 2213 ooniuyem
1387 2144 1550 2199 tuam
1598 2140 1704 2198 etc.
1746 2140 1832 2197 Ex

211 2254 326 2310 quo
379 2237 562 2294 Maria
604 2238 781 2311 Virgo
843 2238 909 2295 de
972 2238 1189 2311 Spiritu
1251 2238 1446 2297 sancto
1497 2239 1689 2296 divina
1744 2239 1833 2297 θεὴ

210 2336 376 2408 prole
400 2334 717 2406 fecundata,
743 2354 1093 2410 nequaquam
1128 2337 1430 2410 virginitas
1460 2339 1578 2395 eius
1612 2338 1714 2395 tali
1743 2338 1832 2396 θεὴ

210 2435 380 2507 prole
423 2435 646 2504 vitiata,
690 2436 786 2493 sed
828 2435 1164 2493 mirabiliter
1213 2437 1272 2493 in
1317 2436 1482 2493 tanta
1537 2437 1626 2494 θεὴ
1676 2438 1832 2509 prole

208 2532 563 2607 glorificata.
604 2534 753 2591 Nam
816 2535 874 2591 in
908 2535 1094 2605 ‘prole
1157 2534 1494 2607 approbata,
1559 2536 1615 2592 in
1674 2536 1831 2608 prole

206 2631 563 2700 consecrata,
606 2634 662 2689 in
706 2633 862 2705 prole
905 2633 1224 2703 nobilitata,
1267 2635 1323 2691 in
1365 2635 1521 2707 prole
1564 2634 1747 2692 ditata
1775 2634 1833 2692 θὴ

346 2863 394 2922 1)
430 2862 567 2910 vers·
604 2864 682 2910 27.
1492 2866 1542 2925 2)
1579 2866 1713 2912 VerS.
1751 2865 1828 2912 34.

346 2944 395 3006 3)
434 2943 570 2990 Vers.
607 2944 686 2990 20.
