2237 3481
304 433 1909 513 <mmm

819 980 1399 1044 INDEX

304 1562 548 1610 Praefatio
570 1597 1585 1612 .............
1625 1564 1755 1623 Pay.

305 1643 533 1700 Prologus
574 1677 1754 1691 ...............

303 1724 474 1771 Laeuo
505 1723 544 1771 Ι.
581 1723 711 1784 Quod
744 1723 794 1772 in
828 1724 1121 1772 salutatione
1162 1724 1376 1783 angelica
1410 1723 1613 1783 quinque
1654 1738 1755 1773 sen-

429 1805 611 1852 tentiae
644 1805 943 1864 ordinantur,
970 1805 1017 1852 in
1042 1805 1210 1864 quibus
1233 1805 1437 1864 quinque
1459 1805 1759 1854 dulcissimae

428 1887 591 1933 laudes
622 1887 678 1933 B.
714 1885 896 1934 Mariae
932 1886 1144 1944 Virginis
1182 1886 1505 1934 insinuantur.
1576 1920 1588 1933 .
1659 1920 1673 1934 .
1743 1921 1756 1933 .

305 1966 475 2013 anno
508 1966 568 2013 11.
605 1966 736 2025 Quod
769 1968 825 2014 B.
862 1965 1008 2024 Virgo
1040 1967 1193 2013 Maria
1226 1967 1379 2014 libera
1413 1966 1507 2015 fuit
1528 1981 1557 2013 a
1578 1966 1761 2028 triplici

427 2060 513 2093 vae
545 2048 710 2106 culpae
743 2046 966 2106 actualis,
1002 2061 1031 2093 a
1063 2046 1251 2107 triplici
1280 2061 1367 2094 vae
1405 2046 1624 2095 miseriae
1664 2047 1756 2095 ori-

430 2126 606 2183 ginalis
638 2129 689 2174 et
720 2142 749 2174 a
782 2127 964 2186 triplici
997 2141 1082 2174 vae
1115 2141 1291 2187 poenae
1324 2127 1602 2186 gehennalis
1658 2162 1671 2175 .
1742 2162 1755 2175 .

305 2208 477 2253 Luc-no
509 2207 593 2254 111.
639 2208 706 2255 De
747 2207 1174 2266 significationibus
1224 2207 1426 2255 nominis
1467 2208 1668 2267 Maria;
1710 2210 1760 2255 et

430 2288 550 2344 quod
583 2289 639 2334 B.
675 2288 825 2346 Virgo
857 2302 997 2334 mare
1029 2301 1279 2344 amarum,
1306 2289 1452 2334 stella
1485 2289 1663 2344 maris,
1697 2289 1756 2333 iz-

433 2368 738 2414 luminatrix
770 2369 820 2415 et
852 2368 1052 2414 domina
1084 2367 1527 2415 convenientissime
1558 2366 1754 2415 dicitur.
1784 2425 1789 2430 ⁴

304 2449 475 2494 Luc-no
506 2449 587 2495 IV.
624 2449 802 2496 Nomen
836 2449 1008 2496 Maria
1040 2450 1096 2495 B.
1125 2447 1311 2506 Virgini
1345 2462 1481 2506 quam
1505 2448 1573 2496 sit
1594 2461 1756 2496 conve-

429 2527 795 2588 nientissimum,
831 2531 881 2576 et
913 2530 1034 2587 quod
1067 2530 1227 2577 eadem
1273 2529 1398 2576 omni
1440 2528 1559 2577 vitio
1601 2529 1763 2577 caruit

428 2610 479 2655 et
511 2609 637 2656 omni
670 2609 850 2656 virtute
892 2609 1068 2657 claruit
1071 2643 1753 2658 .........

303 2687 474 2735 Latmo
504 2689 564 2735 V.
602 2689 732 2748 Quod
764 2689 924 2748 gratia
956 2690 1126 2737 beatae
1168 2690 1348 2737 Mariae
1391 2689 1459 2737 sit
1499 2704 1637 2747 vera,
1670 2690 1759 2736 im·

430 2783 617 2827 mensa,
651 2770 920 2829 multiplex
953 2773 1003 2817 et
1034 2771 1180 2817 utilis
1211 2770 1349 2817 valde
1411 2803 1757 2818 .....

306 2850 478 2896 anno
512 2850 592 2896 VI.
628 2849 759 2908 Quod
792 2851 1085 2910 quadruplex
1117 2849 1281 2908 gratia
1313 2849 1362 2896 in
1396 2851 1452 2896 Β.
1489 2849 1644 2897 Maria
1687 2851 1762 2897 est

429 2929 788 2990 consideranda,
823 2930 1008 2978 scilicet
1051 2931 1293 2990 donorum,
1334 2930 1583 2990 labiorum,
1619 2929 1761 2989 privi-

430 3010 656 3068 legiorum
691 3013 741 3058 et
773 3011 1105 3073 praemiorum,
1145 3013 1195 3059 et
1227 3012 1284 3059 de
1316 3025 1476 3059 earum
1510 3010 1715 3070 singulis
1743 3046 1757 3059 .

1883 1578 1912 1610 v

1888 1646 1909 1690 l

1887 1889 1913 1933 7

1858 2128 1914 2174 12

1853 2367 1915 2428 25.

1851 2610 1911 2656 44

1853 2771 1914 2818 57

1857 3012 1917 3060 73
