2237 3481
874 274 1073 323 necno
1115 274 1194 322 v1.
1535 329 1540 330 ἢ
1721 331 1726 337 ,
1760 255 1835 319 89

223 476 349 534 riae
398 475 600 532 seriem
641 474 988 545 universam,
1032 472 1090 531 et
1131 473 1180 530 si
1221 472 1352 546 quid
1388 464 1541 531 'forte
1582 471 1840 544 increpa-

226 574 461 642 torium,
505 574 554 630 si
594 572 728 645 quid
770 572 993 641 durum,
1039 573 1093 629 si
1131 571 1278 645 quod
1320 571 1556 644 denique
1611 571 1837 643 signum

227 674 320 731 vel
363 651 553 730 tenuis
601 670 1009 744 indignationis
1051 671 1360 728 occurrerit
1414 670 1474 728 in
1527 670 1729 737 Maria,
1773 669 1839 727 de

227 773 418 831 cetero
461 771 782 844 suspectam
826 769 1037 827 habeas
1080 768 1139 827 et
1180 769 1437 827 accedere
1479 769 1727 827 verearis
1754 791 1812 824 ».

395 869 678 938 Ceterum,
723 870 772 927 si
828 869 995 926 tanta
1056 867 1145 926 est
1205 869 1390 941 gloria
1450 867 1842 941 gloriosissimi

226 970 486 1042 corporis
525 969 758 1037 Mariae,
800 966 1017 1041 quanta
1079 966 1251 1040 putas
1312 967 1402 1025 est
1460 967 1644 1040 gloria
1707 982 1842 1024 suae

227 1068 593 1126 beatissimae
637 1062 922 1125 animae?
963 1065 1120 1135 Quod
1168 1065 1302 1124 licet
1356 1064 1642 1138 quaelibet
1693 1064 1844 1122 certe

229 1169 427 1225 anima
467 1165 636 1224 beata
679 1165 798 1223 tres
832 1145 1006 1223 habet
1032 1164 1193 1223 dotes
1221 1166 1405 1238 ipsam
1434 1164 1843 1231 beatificantes,

231 1265 498 1324 videlicet
545 1265 730 1323 dotem
782 1265 957 1322 mirae
1013 1264 1384 1338 coym'tionis,
1425 1263 1611 1322 dotem
1669 1264 1843 1319 mirae

228 1363 583 1435 dilectioniS,
619 1363 805 1422 dotem
849 1363 1024 1420 mirae
1063 1360 1393 1434 fruitionis,
1422 1361 1512 1419 vel
1540 1361 1843 1419 secundum

235 1462 536 1521 modernos
577 1461 849 1535 quosdam
891 1459 1077 1519 dotem
1134 1460 1397 1533 visionis,
1438 1458 1745 1530 fruitionis
1788 1459 1846 1515 et

234 1560 550 1630 tentionis,·
590 1575 937 1632 quocumque
978 1558 1170 1616 autem
1221 1558 1382 1616 modo
1422 1557 1582 1617 dotes
1624 1559 1845 1615 animae

229 1657 607 1732 accipiantur,
648 1656 866 1715 certum
908 1656 1014 1725 est,
1058 1656 1205 1729 quod
1247 1655 1407 1714 dotes
1448 1656 1669 1713 animae
1722 1655 1847 1712 Ma-

231 1760 353 1816 riae
375 1758 624 1816 omnium
653 1757 970 1814 animarum
994 1755 1221 1815 dotibus
1251 1754 1665 1828 praeferantur.
1695 1754 1845 1811 Nam

233 1858 282 1915 si
327 1872 522 1914 omnes
562 1854 760 1912 beatae
789 1855 1009 1912 animae
1050 1853 1143 1911 his
1184 1854 1410 1913 dotibus
1448 1852 1847 1911 beatificantur

231 1957 290 2013 in
337 1953 509 2023 caelo,
553 1954 767 2026 quanto
808 1954 991 2026 magis
1031 1953 1221 2010 anima
1258 1953 1395 2022 eiuS,
1426 1969 1569 2025 quae
1598 1952 1845 2010 omnium

233 2054 559 2111 animarum
600 2050 1040 2109 beatificatorem
1083 2051 1284 2123 genuit
1324 2051 1381 2107 in
1425 2049 1676 2108 mundo?
1704 2049 1847 2118 Quid

234 2151 465 2218 mirum,
496 2151 543 2207 si
573 2150 686 2207 iam
713 2150 773 2207 in
801 2149 1151 2206 lucidissima
1180 2149 1505 2222 coynitione
1534 2148 1622 2205 est
1659 2148 1848 2205 anima

233 2250 472 2317 Mariae,
532 2264 674 2321 quae
722 2249 833 2305 iam
893 2245 1364 2320 profundissimae
1413 2245 1578 2304 unita
1608 2244 1696 2319 (1)
1761 2246 1850 2303 est

178 2400 187 2403 ,
233 2348 352 2406 luci
400 2346 709 2405 aeternae?
756 2345 916 2403 Unde
970 2344 1172 2402 beatus
1228 2343 1556 2402 Bernardus
1587 2344 1676 2419 (2)
1733 2343 1846 2401 ait:

243 2469 274 2498 α
302 2444 817 2504 Profundissimam
859 2444 1083 2501 divinae
1125 2442 1454 2516 sapientiae,
1484 2443 1642 2501 ultra
1680 2459 1848 2516 quam

232 2544 389 2604 credi
453 2543 663 2612 valeat,
727 2541 1051 2616 penetravit
1112 2541 1399 2615 abyssum,
1442 2541 1510 2599 ut
1572 2540 1849 2614 quantum

233 2646 361 2703 sine
404 2642 693 2715 personali
731 2641 936 2699 unione
977 2640 1272 2699 creaturae
1315 2639 1537 2713 patitur
1587 2638 1849 2709 conditi0,

370 2873 418 2933 1)
454 2873 495 2920 A
528 2872 771 2929 immissa,
806 2871 840 2919 C
872 2873 1125 2918 immersa.

365 2956 418 3015 2)
453 2952 575 3001 Ibid.
612 2967 662 3000 n.
699 2953 746 3000 3.
