2237 3481
112 2966 321 3067 ,Ἥ

391 268 466 330 86
900 284 1191 330 senonum
1232 285 1284 329 B.
1327 284 1389 329 M.
1434 284 1490 330 v.

388 481 602 539 nardus
633 479 757 555 (1):
811 502 840 531 α
869 480 1098 537 Summa
1154 479 1339 551 gloria
1393 478 1499 547 est,
1543 495 1575 537 ο
1617 479 1818 547 Maria,
1866 480 2004 551 post

394 581 697 638 Dominum
739 579 796 637 te
858 579 1064 646 videre,
1108 577 1213 635 tibi
1274 577 1579 636 adhaerere
1642 578 1701 636 et
1740 579 1800 635 in
1863 577 2003 636 tuae

390 677 757 751 protectionis
797 677 1105 734 munimine
1149 676 1426 735 demorari
1454 699 1511 735 ιο.

541 777 696 833 Haec
737 776 914 848 igitur
957 775 1093 833 sunt
1152 776 1365 847 septem
1422 775 1833 848 gloriosissima
1888 776 2007 847 pri-

389 875 596 947 vilegia
637 874 871 941 Mariae,
914 890 1153 946 quorum
1207 872 1398 946 gratia
1438 873 1618 930 vitam
1673 872 2005 931 obtinemus

387 973 627 1047 gratiae.
649 971 726 1029 Et
756 971 875 1029 ideo
904 971 1197 1030 obsecrare
1227 987 1528 1042 possumus
1556 971 1816 1038 Mariam,
1849 972 2004 1029 sicut

389 1070 678 1129 Abraham
724 1069 1040 1129 obsecravit
1066 1070 1283 1136 Saram,
1313 1069 1501 1126 dicens
1531 1068 1765 1127 Genesis
1792 1069 2007 1128 duode-

389 1171 530 1228 cimo
561 1169 683 1244 (2):
715 1169 849 1240 Dic,
893 1166 1125 1225 obsecro
1156 1170 1224 1239 te,
1254 1165 1411 1239 quod
1432 1184 1603 1225 soror
1639 1183 1765 1225 mea
1792 1168 1894 1241 sie,
1927 1170 2003 1225 ut

389 1267 522 1325 bene
558 1251 708 1323 ¹mihi
748 1266 828 1324 sit
854 1267 1107 1337 propter
1138 1267 1205 1336 te,
1238 1266 1293 1321 et
1315 1265 1462 1321 vivet
1491 1264 1581 1338 (3)
1627 1265 1830 1322 anima
1871 1281 2007 1323 mea

390 1364 461 1421 ob
484 1364 748 1437 qratiam
777 1363 883 1420 tui.
913 1361 960 1420 Ο
987 1362 1165 1434 igitur
1193 1361 1393 1429 Maria,
1418 1378 1449 1419 o
1478 1365 1677 1420 nostra
1704 1363 1864 1431 Sara,
1887 1363 2003 1434 die,

390 1461 548 1535 quod
570 1463 655 1519 sis
697 1477 869 1519 soror
906 1462 1135 1531 nostra,
1177 1462 1245 1516 ut
1275 1462 1522 1531 propter
1563 1462 1614 1516 te
1658 1460 1794 1518 bene
1827 1459 2008 1518 nobis

389 1561 468 1618 sit
494 1577 530 1617 a
560 1559 676 1618 Deo
698 1561 752 1616 et
779 1559 848 1616 ob
873 1539 1140 1631 ,qratiam
1170 1558 1257 1615 tui
1282 1557 1484 1615 vivant
1510 1558 1743 1615 animae
1770 1557 2006 1616 nostrae

390 1659 447 1715 in
491 1657 626 1716 Deo.
670 1656 790 1725 Die,
827 1657 1076 1728 inquam,
1107 1655 1400 1713 carissima
1442 1655 1600 1722 Sara,
1630 1655 1778 1727 quod
1808 1657 1888 1712 sis
1919 1672 2008 1715 so-

392 1773 486 1815 ror
527 1756 746 1824 nostra,
789 1755 856 1812 ut
898 1753 1131 1827 propter
1188 1754 1360 1811 talem
1419 1769 1664 1812 sororem
1724 1754 2006 1829 AEgyptii‚

390 1855 446 1913 id
488 1854 576 1913 est
617 1854 931 1920 daemoneS,
973 1869 1078 1911 nos
1121 1852 1506 1918 revereantur,
1550 1851 1617 1909 ut
1658 1852 1829 1910 etiam
1870 1870 2009 1925 pro-

392 1954 520 2026 pter
562 1954 735 2011 talem
781 1968 1026 2011 sororem
1069 1951 1258 2024 angeli
1298 1950 1461 2008 nobis
1516 1951 1574 2007 in
1615 1952 1733 2008 acie
1774 1953 2009 2010 coniun-

391 2053 625 2126 gantur,
669 2052 736 2109 ut
776 2053 1008 2123 insuper
1051 2050 1285 2122 propter
1328 2049 1499 2107 talem
1544 2065 1789 2109 sororem
1822 2050 2005 2109 Pater

391 2151 449 2209 et
490 2152 670 2208 Filius
712 2151 770 2209 et
813 2148 1060 2222 Spiritus
1101 2148 1335 2206 sanctus
1377 2148 1560 2206 nostri
1603 2149 2009 2208 misereantur.

555 2249 770 2319 Quarto
813 2246 1181 2315 considerate,
1224 2247 1519 2315 carissimi,
1562 2247 1620 2304 in
1662 2247 1849 2305 Maria
1875 2265 2011 2321 gra-

394 2350 533 2406 tiam
566 2348 1007 2420 praemiorum;
1048 2346 1114 2404 de
1157 2362 1268 2419 qua
1319 2345 1506 2402 tamen
1560 2361 1663 2417 pro
1721 2346 1887 2418 parte
1945 2348 2010 2405 in

392 2446 632 2520 septimo
675 2446 888 2503 Mariae
933 2445 1229 2517 privilegio
1257 2445 1371 2501 iam
1399 2442 1616 2501 tactum
1648 2443 1756 2502 est.
1785 2442 1870 2502 De
1897 2443 2015 2504 hae

520 2717 565 2775 l)
601 2714 767 2762 Potius
801 2715 931 2761 Petr.
968 2714 1125 2771 Dam.‚
1160 2725 1299 2759 serm.
1332 2710 1409 2759 44.
1440 2711 1506 2771 (1.
1532 2711 1582 2758 in
1605 2711 1721 2758 Nat.
1748 2711 1804 2759 B.
1832 2712 1900 2759 M.
1927 2713 2013 2773 V.)

393 2797 521 2845 circa
553 2798 706 2844 finem.

516 2877 567 2938 2)
602 2878 738 2924 vers·
780 2877 855 2924 13.

519 2957 567 3017 3)
603 2958 680 3005 lta
713 2970 806 3004 see.
844 2956 1032 3010 Malou:
1064 2955 1274 3012 Vulgata
1306 2954 1458 3001 vivat.
