2237 3481
756 259 770 277 ⁶
848 267 1047 310 Luc'no
1088 269 1206 311 x1v.
1710 252 1827 309 209

223 478 353 519 rum
396 476 618 526 corona,
659 460 841 517 Maria
870 476 1002 520 vero
1029 476 1234 519 corona
1263 460 1367 517 sub
1395 476 1617 518 corona.
1659 459 1831 518 Patet

222 575 377 634 erge,
408 575 575 631 quam
607 557 924 616 sublimiter
952 559 1253 617 benedicta·
1273 558 1349 616 sit
1377 574 1582 617 corona
1610 558 1832 632 nostra,

224 657 410 716 mater
450 656 650 716 nostra
692 657 894 715 Maria.
935 656 1145 716 Omnes
1172 673 1306 730 ergo
1348 656 1466 715 tam
1511 656 1830 715 sublimiter

222 757 575 815 benedictam
619 773 938 830 sequamur,
983 757 1330 815 benedictam
1372 757 1583 829 utique,
1615 756 1681 814 de
1718 773 1830 830 qua

223 856 428 915 beatus
471 855 797 913 Bernartius
828 854 916 929 (1)
961 856 1074 914 ait:
1129 878 1158 906 ‹<
1188 855 1317 914 Non
1379 853 1469 913 est
1523 854 1685 914 nobis
1739 855 1831 913 hic

221 970 470 1012 maneus
497 954 724 1026 civitas,
754 954 849 1011 sed
879 971 1001 1011 eam
1030 953 1390 1025 inquirimus
1420 954 1530 1028 (2),
1560 953 1631 1011 ad
1660 970 1829 1034 quam

221 1052 389 1111 hodie
431 1051 612 1109 Maria
654 1052 912 1123 pervenit
954 1050 1244 1109 benedicta
1272 1074 1330 1108 >›.

386 1149 553 1218 Item,
596 1150 890 1217 carissimi,
934 1149 1226 1208 benedicta
1267 1149 1356 1207 est
1398 1150 1579 1209 Maria
1606 1167 1719 1210 non
1750 1167 1832 1210 so·

223 1250 344 1307 lum
390 1248 624 1320 propter
664 1249 905 1321 gloriam
949 1249 1068 1306 eius
1093 1249 1621 1308 excellentissimam
1648 1249 1833 1323 digni-

223 1346 364 1415 tate,
411 1345 506 1404 sed
550 1346 718 1404 etiam
764 1346 996 1419 propter
1037 1347 1281 1419 gloriam
1343 1348 1463 1405 eius
1502 1348 1832 1419 copiosissi-

221 1461 384 1502 mam
426 1445 829 1517 immensitate,
872 1446 1031 1503 cuius
1093 1447 1253 1517 copia
1304 1445 1470 1503 tanta
1524 1446 1629 1513 est,
1683 1445 1830 1519 quod

222 1543 297 1601 ad
337 1558 530 1601 omnes
571 1542 936 1612 diffunditur3
980 1543 1038 1601 et
1065 1544 1187 1602 ideo
1231 1544 1429 1602 merito
1457 1544 1531 1601 ab
1571 1545 1831 1603 omnibus

227 1640 594 1710 benedicitur,
638 1639 942 1699 secundum
984 1642 1132 1714 quod
1173 1642 1239 1699 de
1282 1643 1408 1713 ipsa
1451 1659 1551 1714 per
1613 1642 1833 1716 signifi-

221 1739 501 1801 cationem
544 1739 750 1798 dicitur
792 1739 937 1799 libro
979 1740 1175 1799 Iudith
1225 1740 1434 1801 decimo
1476 1740 1674 1815 quinto
1704 1742 1827 1817 (3):

220 1839 665 1899 Benedixerunt
703 1857 831 1898 eam
873 1857 1066 1899 omnes
1105 1858 1231 1899 uua
1267 1857 1399 1899 voce
1427 1842 1709 1900 dieentes.-
1740 1839 1832 1899 Tu

218 1937 424 2011 yloria
465 1938 809 2011 Ierusalem,
854 1941 917 1995 tu
961 1938 1188 1997 laetitia
1229 1938 1443 2012 Israel,
1484 1941 1548 1995 tu
1600 1939 1831 1997 honori·

222 2035 459 2105 licentia
492 2036 708 2107 populi
748 2037 961 2094 nostri.
1001 2036 1442 2096 Benedixerunt
1480 2053 1608 2095 eam
1636 2037 1831 2110 utique

223 2149 459 2203 omnes;
497 2134 655 2203 nota,
699 2135 846 2207 quod
902 2134 1108 2193 dicitur
1170 2151 1401 2205 omues‚·
1460 2147 1594 2193 nam
1650 2138 1831 2195 omnis

223 2231 315 2290 est
357 2233 581 2305 signum
624 2234 962 2301 universale,
1007 2235 1299 2306 requirens
1364 2233 1478 2291 tria
1518 2234 1830 2307 appellata.

222 2330 303 2389 Et
343 2347 483 2399 ecce,
514 2333 675 2404 quasi
704 2330 819 2389 tria
846 2331 1141 2405 appellata
1171 2332 1338 2390 sunt:
1370 2332 1542 2401 DeuS,
1571 2334 1828 2406 angelus

223 2430 410 2497 home,
454 2431 550 2502 qui
591 2429 830 2487 Mariam
874 2429 1295 2489 benedixerunt.
1326 2431 1478 2489 Deus
1519 2430 1714 2504 utique
1743 2431 1830 2490 be-

223 2528 441 2586 nedixit
482 2528 740 2597 Mariam,
785 2528 958 2586 Pater
999 2529 1282 2587 benedixit
1323 2547 1464 2599 eam,
1508 2531 1689 2589 Filius
1738 2531 1833 2589 be-

223 2627 440 2686 nedixit
461 2642 603 2697 eam,
625 2627 873 2700 Spiritus
903 2627 1137 2686 sanctus
1165 2628 1447 2687 benedixit
1473 2647 1614 2699 eam,
1639 2646 1830 2690 omnes

354 2860 400 2919 1)
436 2859 583 2906 Serm.
623 2860 667 2906 1.
704 2859 753 2907 in
786 2859 997 2908 Assumt.
1032 2861 1088 2907 B.
1127 2862 1190 2908 M.
1228 2861 1284 2907 V.
1321 2875 1369 2908 n.
1411 2860 1453 2907 1.

348 2940 399 3000 2)
436 2940 581 2989 Hebr.
623 2941 698 3000 13,
738 2940 812 2988 14.
1492 2941 1539 3001 3)
1575 2941 1711 2989 Vers.
1752 2941 1825 2990 10.

1646 3039 1704 3088 14
