2237 3481
904 340 1103 383 Luc'mo
1145 340 1307 383 xvm.
1794 323 1909 382 277

306 531 482 590 decim
525 530 758 590 effectus
788 532 906 590 sive
936 530 1222 589 utilitates
1251 530 1419 589 huius
1449 530 1669 589 fructus
1697 530 1912 603 signari

306 629 550 702 possunt
589 644 690 702 per
731 628 953 688 fructus
993 630 1137 703 ligni
1180 628 1349 698 vitae,
1393 645 1534 702 quos
1575 645 1768 688 omnes
1815 627 1912 685 ha·

308 728 502 786 bemus
545 729 602 786 in
647 728 837 786 fructu
880 727 1097 787 ventris
1136 727 1381 798 Mariae;
1423 728 1490 786 de
1530 727 1735 801 quibus
1783 727 1913 786 duo-

306 826 480 884 decim
524 826 804 885 fructibus
843 827 1057 900 legitur
1098 826 1475 900 Apocalypsis
1518 816 1810 900 vigesimo*
1832 842 1912 883 se-

305 925 486 984 cundo
516 923 625 1000 (1),
669 925 815 998 quod
858 925 1105 999 anyelus
1149 912 1401 984 ostendit
1440 926 1643 984 Ioanni
1686 925 1913 998 liynwm

304 1023 459 1080 vitae
487 1022 737 1092 afferens
763 1021 995 1093 fructus
1025 1023 1345 1083 duodecim.
1373 1057 1454 1065 —
1482 1023 1707 1081 Adiuva
1735 1023 1915 1096 igitur

284 1137 428 1191 ,noS,
470 1138 501 1180 o
544 1120 836 1181 benedicta
865 1123 923 1179 in
954 1121 1303 1190 mulieribuS‚
1335 1120 1400 1180 ut
1430 1138 1529 1194 per
1557 1120 1911 1179 benedictum
1998 1164 2000 1168 Α

306 1218 555 1277 fructum
596 1220 814 1277 ventris
855 1219 940 1278 tui
982 1219 1424 1278 benedictionem
1465 1219 1666 1279 horum
1716 1218 1915 1278 duode-

305 1318 412 1374 cim
476 1316 763 1375 fructuum
827 1319 1270 1389 consequamurl
1334 1316 1578 1386 Adiuva,
1642 1334 1674 1376 o
1736 1317 1914 1390 Virgo

305 1414 616 1483 fructifera,
659 1414 727 1473 ut
789 1432 889 1487 per
951 1414 1200 1473 fructum
1264 1414 1427 1473 tuum
1488 1415 1579 1473 his
1634 1415 1915 1474 fructibus

303 1513 388 1571 ita
450 1512 727 1572 fructuosi
787 1513 1113 1582 efficiamur,
1166 1514 1313 1586 quod
1377 1530 1478 1586 per
1540 1513 1645 1572 hos
1694 1512 1915 1572 fructus

306 1610 495 1670 fructu
559 1611 658 1670 tuo
714 1611 825 1669 frui
877 1611 1150 1685 perpetuo
1206 1615 1552 1670 mereamur!
1597 1611 1840 1681 Adiuva,
1882 1629 1914 1671 o

305 1710 647 1781 dulcissima,
691 1711 758 1769 ut
799 1712 919 1770 sine
960 1710 1072 1769 fine
1114 1710 1277 1770 nobis
1318 1710 1586 1770 concedat
1625 1710 1915 1769 dulcedine

306 1826 410 1867 sua
451 1807 563 1867 frui
605 1810 702 1868 ille
743 1810 1180 1869 liberalissimus
1221 1809 1663 1868 communicator
1704 1810 1790 1867 sui
1819 1809 1914 1867 be-

303 1908 560 1967 nedictus
600 1907 822 1966 fructus
869 1909 1087 1968 ventris
1143 1909 1248 1978 tui,
1292 1910 1387 1982 qui
1443 1917 1570 1967 cum
1625 1907 1799 1966 Patre
1857 1909 1915 1966 et

304 2006 522 2078 Spiritu
564 2007 762 2066 sancto
811 2007 956 2064 vivit
997 2006 1055 2065 et
1097 2008 1303 2081 regnat
1366 2007 1519 2065 Deus
1562 2023 1663 2079 per
1724 2007 1912 2065 omnia

305 2104 529 2161 saecula
571 2104 943 2164 saeculorum.
984 2105 1164 2163 Amen
1200 2106 1309 2180 (2).

434 2352 479 2412 1)
516 2352 649 2398 VerS.
685 2352 733 2399 2.

428 2433 479 2493 2)
513 2432 568 2479 In
610 2432 768 2480 codice
810 2431 1062 2480 Hafniensi
1104 2432 1307 2479 habetur
1351 2432 1535 2490 longior
1577 2432 1750 2491 orati0,
1794 2446 1913 2491 quae

302 2512 500 2572 incipit:
545 2531 568 2557 ι
590 2514 794 2560 Mentem
838 2514 888 2560 et
928 2514 1086 2560 oculos
1129 2513 1310 2572 pariter
1351 2526 1453 2560 cum
1497 2513 1712 2560 manibus
1749 2514 1809 2560 ad
1841 2515 1910 2572 te,

302 2593 476 2652 Maria,
502 2592 669 2651 regina
693 2593 871 2651 mundi,
897 2593 1165 2641 attollimus
1182 2611 1205 2636 »
1226 2608 1238 2648 ;
1264 2596 1314 2640 et
1336 2592 1537 2640 desinit:
1581 2611 1605 2637 α
1625 2592 1675 2640 in
1710 2592 1913 2640 vinculis

302 2673 525 2721 caritatis
550 2673 743 2721 astricti
766 2688 885 2721 unus
909 2687 1011 2722 cum
1035 2673 1225 2721 Christo
1259 2672 1457 2732 spiritus
1484 2673 1755 2731 efficiamur,
1780 2687 1909 2732 prae-

302 2755 466 2800 stante
499 2753 694 2801 Domino
727 2755 892 2801 nostro
924 2753 1028 2801 Iesu
1063 2753 1254 2801 Christo
1276 2771 1323 2801 ».

761 2957 1445 2987 -οοε-οοιΦ-ο-
