2237 3481
864 250 1061 298 memo
1104 250 1266 298 xvm.
1748 232 1861 298 267

264 448 479 522 Regum
535 448 744 507 decimo
799 448 996 507 octavo
1026 446 1149 522 (1):
1213 446 1595 517 Transferam
1648 465 1748 506 vos
1799 449 1866 504 in

222 568 229 572 ·
264 551 483 604 ter-ram
523 545 896 617 fructiferam
934 550 989 603 et
1025 544 1275 615 fertilem
1314 547 1455 619 vini,
1503 549 1719 604 terram
1750 563 1867 620 pa-

260 647 356 704 rtis
397 649 452 702 et
491 645 604 704 olei
646 662 714 703 ac
767 645 976 718 mellis,
1032 648 1089 703 et
1142 646 1343 704 vivetis
1384 648 1439 703 ct
1477 663 1599 703 non
1659 646 1868 703 moric-

260 745 429 802 mim'.
473 744 556 803 In
600 746 815 801 terram
856 742 1069 802 Mariae
1112 744 1201 801 vel
1230 745 1288 801 in
1330 743 1542 801 terram
1585 743 1866 802 Ecclesiae

262 841 704 912 transferuntur
745 843 839 915 qui
882 842 1003 901 toto
1058 841 1221 901 corde
1276 842 1347 900 ad
1404 843 1584 914 ipsam
1642 858 1868 900 conver-

261 940 486 998 tuntur.
527 940 682 999 Haec
720 941 910 999 autem
966 941 1122 999 terra
1179 940 1341 999 valde
1396 941 1484 999 est
1533 938 1865 1013 fructifera,

264 1039 452 1097 ferens
493 1038 738 1097 fructu-m
772 1040 957 1113 panis
998 1039 1054 1096 et
1095 1039 1235 1111 virzi,
1266 1038 1379 1096 olei
1428 1040 1486 1097 et
1526 1038 1739 1112 mellis,
1761 1039 1867 1096 Do-

263 1138 476 1194 minum
516 1137 775 1196 nostrum
818 1137 1009 1195 Iesum
1072 1136 1382 1195 Christum.
1437 1137 1572 1210 Ipse
1624 1154 1867 1210 namque

261 1235 425 1295 nobis
465 1235 554 1293 est
592 1235 815 1294 fructus
858 1237 1022 1308 panis
1070 1235 1446 1294 confortantis
1487 1238 1686 1295 contra
1726 1235 1868 1293 defe-

261 1335 436 1403 ctum,
481 1335 602 1406 ipse
641 1334 803 1393 nobis
860 1335 948 1391 est
990 1333 1210 1392 fructus
1253 1336 1369 1392 vini
1424 1335 1732 1392 animantis
1795 1334 1866 1392 ad

264 1432 592 1505 perfectum,
637 1434 756 1505 ipse
797 1449 1015 1506 quoque
1055 1432 1219 1492 nobis
1260 1433 1348 1490 est
1389 1433 1609 1491 fructus
1658 1434 1764 1492 olei
1804 1434 1867 1490 il-

260 1531 597 1589 luminantis
638 1531 1008 1600 intellectum,
1039 1533 1160 1604 ipse
1190 1532 1422 1604 insuper
1450 1531 1611 1590 nobis
1638 1532 1727 1589 est
1755 1531 1867 1589 fru-

261 1629 389 1687 ctus
432 1629 616 1686 mellis
656 1628 1005 1687 dulcorantis
1046 1628 1326 1686 affectum.
1387 1629 1496 1687 Per
1548 1629 1866 1688 huiusmodi

248 1724 419 1787 'certe
460 1727 705 1786 fructum
735 1728 952 1801 vivetis,
983 1729 1279 1797 carissimi,
1309 1730 1363 1786 et
1388 1746 1508 1786 reon
1537 1728 1868 1787 moriemini

261 1826 442 1885 morte
483 1825 734 1884 aeterna.
786 1827 1087 1884 Benedicta
1149 1842 1282 1900 ergo
1347 1826 1422 1884 sit
1485 1826 1638 1884 terra
1698 1826 1867 1884 huius

262 1924 484 1982 fructus
534 1925 593 1982 et
641 1924 965 1983 benedictus
1014 1942 1184 1997 super
1232 1926 1418 1984 omnia
1468 1924 1545 1983 sit
1593 1926 1712 1997 ipse
1755 1924 1866 1982 fru-

262 2022 407 2091 ctus„
464 2040 563 2095 per
605 2040 768 2095 quem
812 2040 845 2080 a
887 2022 1067 2080 tantis
1130 2024 1295 2080 malis
1351 2023 1592 2096 exempti
1651 2039 1865 2088 sumus,

265 2120 412 2179 sicut
454 2121 622 2194 etiam
680 2121 817 2179 bene
860 2121 1171 2178 declaravit
1232 2122 1537 2179 Anselmus
1567 2121 1677 2195 (2),
1739 2137 1864 2178 cum

263 2218 437 2276 dixit:
491 2241 520 2270 α
548 2218 690 2288 Quid
734 2219 901 2292 digne
944 2219 1183 2277 referam
1227 2219 1487 2293 genitrici
1517 2219 1618 2277 Dei
1660 2218 1718 2276 et
1755 2218 1867 2277 Do-

263 2318 401 2374 mini
444 2317 569 2386 mei‚
614 2334 713 2389 per
769 2318 927 2375 cuius
969 2316 1367 2375 fecunditatem
1425 2318 1686 2389 captivus
1741 2333 1865 2374 sum

264 2416 608 2489 redemptuS,
653 2433 751 2488 per
792 2417 951 2474 cuius
1008 2417 1236 2488 partum
1279 2416 1345 2474 de
1402 2415 1580 2475 morte
1636 2416 1868 2475 aeterna

263 2532 387 2572 sum
429 2515 741 2587 exemptuS,
786 2531 885 2587 per
940 2515 1097 2572 cuius
1162 2514 1374 2586 prolem
1432 2514 1686 2587 perditus
1743 2531 1868 2572 sum

264 2613 568 2672 restitutus
610 2613 668 2672 et
709 2613 775 2671 de
817 2614 1011 2672 exsilio
1052 2614 1308 2671 miseriae
1355 2614 1414 2670 in
1456 2613 1700 2685 patriam
1746 2613 1868 2670 bea-

391 2846 436 2904 1)
472 2846 605 2891 Vers.
641 2845 718 2891 32.

387 2926 437 2985 2)
473 2924 609 2972 Orat.
644 2926 723 2971 52.
762 2924 903 2984 (alias
935 2926 1037 2985 51.)
1073 2926 1182 2985 post
1214 2922 1421 2970 initium.
