2237 3481
859 263 1058 306 nmmo
1101 264 1217 306 xm.
1722 249 1836 307 231

239 456 376 513 tuus
417 456 568 513 certe
627 455 1014 526 corporaliter
1056 472 1157 528 per
1198 455 1511 514 assumtam
1555 456 1842 526 naturam,

242 556 376 611 tuus
419 553 814 626 spiritualiter
843 571 944 626 per
984 554 1252 627 gratiam,
1284 555 1418 612 tuus
1446 558 1845 614 sacramenta-

242 652 377 710 liter
418 669 518 724 per
545 651 962 720 eucharistiam,
992 652 1128 710 tuus
1166 653 1539 711 aeternaliter
1580 671 1679 726 per
1720 654 1845 727 glo-

242 752 407 808 riam.
448 750 533 807 Ex
574 768 662 808 me
705 751 894 808 tamen
938 751 1072 809 tuus
1115 752 1222 820 est,
1265 752 1398 825 quia
1426 769 1490 810 ex
1531 769 1653 811 meo
1682 752 1844 812 utero

240 849 471 922 genitus
527 850 632 917 est,
689 849 836 907 siout
898 850 956 906 in
1001 849 1231 909 Psalmo
1263 849 1352 925 (1)
1395 851 1669 924 scriptum
1723 850 1841 909 est:

240 949 343 1006 Ex
383 950 547 1005 utero
590 951 723 1005 ante
766 947 1072 1018 luciferum
1109 952 1291 1023 qenai
1321 953 1387 1007 te.
1433 948 1479 1008 Ο
1522 967 1650 1009 vere
1678 951 1846 1008 nimis

241 1046 575 1103 admiranda
630 1047 905 1119 nimisque
960 1048 1283 1105 veneranda
1343 1048 1642 1107 nobilitas!
1699 1048 1846 1121 quod

241 1144 463 1203 fructus
507 1144 724 1202 ventris
766 1146 1008 1203 materni
1050 1146 1140 1204 est
1193 1147 1374 1204 Filius
1429 1147 1577 1205 uteri
1631 1147 1847 1206 aeterni

241 1242 301 1300 et
357 1243 639 1315 sapientia
699 1243 883 1301 cordis
946 1244 1189 1316 paterni,
1233 1245 1380 1302 sicut
1420 1245 1590 1303 etiam
1647 1245 1848 1303 beatus

242 1342 570 1399 Bernardus
600 1342 688 1417 (2)
732 1342 799 1400 de
840 1342 951 1401 isto
993 1342 1183 1401 fructu
1238 1344 1490 1401 scribens
1529 1344 1643 1402 ait:
1709 1367 1738 1396 α
1765 1344 1849 1402 Il-

241 1440 373 1508 liuS‚
420 1456 451 1498 o
486 1440 687 1509 Maria,
732 1442 842 1498 eris
884 1441 1085 1510 mater,
1129 1442 1288 1499 cuius
1317 1440 1470 1500 Deus
1512 1441 1600 1500 est
1639 1443 1847 1513 Pater3

242 1538 425 1595 Filius
467 1538 738 1611 paternae
777 1538 1036 1596 caritatis
1068 1539 1156 1614 (3)
1200 1539 1311 1596 erit
1350 1556 1555 1599 corona
1596 1540 1728 1599 tuae
1756 1558 1848 1599 ca-

247 1637 499 1706 stitatis3
530 1637 821 1708 Sapientia
851 1638 1072 1710 paterni
1103 1638 1286 1696 cordis
1315 1638 1424 1696 erit
1452 1638 1672 1697 fructus
1701 1639 1850 1698 uteri

244 1736 544 1809 virginalis
573 1759 631 1792 ».
659 1735 785 1794 Ista
814 1753 948 1810 ergo
978 1736 1199 1795 fructus
1226 1735 1396 1795 huius
1432 1738 1850 1811 generosissimi

241 1833 513 1893 nobilitas
555 1834 793 1906 primam
838 1835 896 1892 et
939 1834 1238 1893 secundam
1295 1836 1353 1892 in
1408 1835 1694 1894 infinitum
1747 1854 1851 1895 sua

241 1931 523 2006 dignitate
566 1932 850 2005 praecedit
890 1933 949 1989 et
989 1949 1210 1991 omnem
1252 1932 1603 1992 intellectum
1651 1935 1852 1994 huma-

245 2048 381 2088 num
423 2031 480 2088 et
519 2032 834 2105 angelicum
879 2048 981 2089 sua
1023 2031 1375 2089 sublimitate
1417 2033 1647 2091 excedit.
1689 2033 1852 2093 Ideo-

240 2146 350 2202 que
393 2128 532 2186 bene
573 2129 639 2186 de
681 2127 785 2187 hoc
827 2129 1015 2187 fructu
1044 2130 1251 2188 dieitur
1277 2131 1463 2189 Isaiae
1491 2131 1696 2203 quarto
1726 2131 1849 2206 (4):

242 2228 390 2285 Erit
425 2243 661 2300 yermen
703 2229 952 2286 Domini
993 2230 1059 2285 in
1084 2228 1526 2302 mayniftoentia
1555 2233 1611 2287 et
1631 2230 1850 2303 yloria,
1913 2245 1919 2254 ·

243 2328 300 2383 et
357 2322 593 2395 fruetus
658 2329 847 2384 terrae
907 2326 1219 2399 sublimis;
1287 2330 1346 2385 in
1410 2328 1852 2402 maynifieentia

375 2612 421 2671 1)
456 2612 631 2658 Psalm.
671 2610 784 2670 109,
821 2612 866 2658 3.

370 2694 419 2752 2)
456 2691 631 2739 Homil.
668 2691 714 2738 3.
750 2705 889 2751 super
922 2691 1108 2738 Missus
1141 2697 1214 2739 est
1246 2706 1294 2738 n.
1331 2693 1379 2739 8.

372 2773 420 2833 3)
455 2773 531 2820 Ita
565 2772 797 2820 Vaticana
829 2774 879 2818 et
911 2772 1116 2829 codices;
1155 2771 1277 2819 alias
1310 2774 1566 2820 claritatis
1597 2774 1670 2820 vel
1703 2775 1850 2821 maie-

242 2855 413 2901 statis.

308 2949 319 2960 ‘
369 2934 420 2994 4)
457 2934 592 2982 Vel-8.
627 2934 675 2981 2.
