2237 3481
420 251 536 309 110
926 266 1219 308 SPECULUM
1260 267 1311 306 B.
1355 266 1417 305 M.
1461 266 1515 307 v.

412 463 532 519 eius
575 460 865 532 plenitudo
914 475 1084 530 super
1147 476 1364 517 omnem
1428 459 1750 517 creaturam
1819 459 1918 528 sit,
1963 460 2030 518 de

411 562 570 618 cujus
613 559 962 631 plenitudine
1004 558 1187 617 omnis
1228 558 1491 615 creatura
1550 557 1823 616 virescit?
1866 558 2031 617 Unde

413 657 470 715 et
511 657 817 714 Anselmus
848 655 937 730 (1)
983 656 1095 712 ait:
1151 678 1179 706 «
1208 654 1254 713 Ο
1297 655 1505 713 femina
1548 656 1717 728 plena
1745 655 1805 712 et
1834 673 2032 728 super·

414 756 582 827 plena
643 754 862 827 gratia!
914 753 981 811 de
1042 754 1201 811 cuius
1264 753 1635 825 plenitudinis
1676 754 2032 812 exundantia

412 869 673 925 respersa
714 851 1005 909 revirescit
1046 853 1228 910 omnis
1270 852 1532 910 ereatura
1560 875 1617 908 ».

572 951 660 1008 Sic
693 967 864 1023 ergo,
907 951 1204 1019 carissimi,
1258 950 1462 1007 videtis
1504 951 1561 1006 in
1606 950 1792 1008 Maria
1853 952 2031 1023 pleni-

412 1049 664 1106 tudinem
721 1048 1047 1119 sapientiae
1098 1047 1558 1116 illuminativam,
1612 1049 2029 1120 plenitudinem

406 1148 641 1221 ¹qratiae
669 1146 1078 1214 mundativam,
1104 1146 1513 1218 plenitudinem
1541 1147 1695 1205 vitae
1724 1147 2033 1207 fructifica·

412 1245 607 1312 tivam,
655 1244 1063 1316 plenitudinem
1105 1244 1544 1302 misericordiae
1602 1245 2030 1315 subventivam,

413 1342 817 1414 plenitudinem
849 1341 1041 1412 prolis
1074 1343 1213 1413 piae
1255 1342 1691 1411 fecundativam‚
1723 1344 2028 1415 plenitudi-

412 1457 538 1498 nem
580 1440 879 1498 Ecclesiae
922 1440 1305 1513 perfectivam,
1352 1441 1761 1512 plenitudinem
1828 1440 2032 1511 famae

413 1539 806 1610 respersivam‚
852 1539 1259 1610 plenitudinem
1289 1539 1520 1597 divinae
1544 1539 1775 1612 yloriae
1802 1557 2032 1613 expres·

412 1638 610 1703 sivam,
656 1636 1061 1708 plenitudinem
1104 1639 1374 1694 aeternae
1405 1637 1664 1695 laetitiae
1696 1655 2031 1712 supergres-

413 1736 611 1792 sivam.
654 1734 759 1792 Eia
789 1751 939 1808 ergo,
972 1735 1300 1807 plenissima
1328 1735 1505 1809 Virgo
1535 1735 1737 1804 Maria,
1769 1754 1875 1796 nos
1908 1737 2029 1796 tam

412 1835 626 1902 inanes,
667 1834 787 1891 tam
831 1850 1035 1892 vacuos
1078 1834 1385 1907 participes
1451 1835 1825 1907 plenitudinis
1894 1836 2032 1895 tuae

412 1933 606 1999 faciaS,
649 1931 716 1990 ut
754 1931 982 1989 tandem
1023 1932 1095 1989 ad
1138 1932 1425 1989 aeternam
1460 1933 1872 2004 plenitudinem
1908 1952 2032 2007 per-

414 2032 634 2103 tingere
676 2030 983 2087 valeamus,
1026 2029 1137 2086 Per
1179 2031 1478 2087 Dominum
1523 2032 1785 2089 nostrum
1829 2032 2028 2090 Iesum

414 2128 706 2186 Christum
748 2128 953 2186 Filium
997 2128 1180 2186 tuum.
1227 2129 1425 2186 Amen.

543 2379 586 2437 1)
624 2376 788 2452 Oratio
821 2378 898 2422 52.
937 2376 1079 2436 (alias
1113 2377 1214 2436 51.)
1249 2383 1361 2423 ante
1395 2378 1515 2424 med.
