2237 3481
864 279 1063 320 an'mo
1106 279 1221 320 xvl.
1727 244 1841 320 237

239 471 522 530 ChristnS.
578 471 656 528 Et
710 470 861 529 certe
917 471 1066 528 hunc
1123 470 1389 538 fructum,
1443 469 1589 528 hanc
1652 488 1843 543 pacem

239 572 410 629 timor
465 571 688 629 Domini
746 570 1006 641 replevit,
1050 569 1196 627 teste
1253 570 1408 627 Isaia
1439 567 1550 644 (1),
1585 571 1680 642 qui
1730 569 1842 627 ait:

239 669 327 727 Et.
368 669 613 741 replebit
650 685 779 726 eum
819 669 1070 739 spiritus
1113 668 1341 726 timoris
1380 668 1646 725 Domini.
1695 668 1845 725 Bene

237 768 428 826 autem
473 767 680 825 dicitur
720 765 951 837 fruetus
991 766 1224 839 salutis,
1269 767 1389 824 sine
1424 783 1532 839 quo
1573 767 1734 824 nulla
1763 784 1846 824 sa-

237 867 330 923 lus
389 865 478 923 est
534 865 714 933 nobiS‚
770 864 929 922 iuxta
985 865 1126 922 illud
1184 864 1431 922 Actuum
1486 865 1690 938 quarto
1721 865 1842 939 (2):

240 964 381 1023 Non
423 967 508 1022 est
546 965 612 1040 in
653 964 774 1022 alio
806 963 1009 1035 aliquo
1038 962 1220 1021 salus.
1266 963 1350 1020 Et·
1386 963 1690 1021 Anselmus
1720 963 1841 1037 (3):

248 1086 276 1115 ‹<
305 1063 436 1121 Non
477 1062 581 1130 est,
614 1062 828 1135 inquit,
859 1062 1032 1130 salim,
1065 1063 1174 1118 nisi
1205 1079 1371 1134 quam
1403 1062 1487 1130 tu,
1517 1062 1712 1135 Virgo,
1750 1079 1847 1134 pe-

237 1162 521 1234 peristi».
565 1161 649 1219 Tu
690 1161 884 1234 igitur,
929 1177 960 1218 o
1002 1161 1203 1228 Maria,
1259 1177 1388 1218 vore
1428 1177 1488 1217 es
1529 1160 1698 1218 arbor
1757 1178 1845 1218 sa-

237 1259 396 1329 lutis,
440 1277 582 1332 quae
612 1259 819 1317 mundo
862 1259 1105 1332 portasti
1137 1257 1382 1316 fructum
1430 1259 1665 1316 salutis!
1700 1258 1846 1316 sicut

238 1357 441 1416 beatus
483 1340 808 1415 Bernardus
840 1358 928 1431 (4)
973 1358 1293 1416 exclamans
1335 1356 1500 1414 dicit:
1570 1380 1598 1408 «
1628 1357 1674 1415 Ο
1715 1374 1845 1415 vere

238 1456 499 1515 caelestis
541 1455 772 1529 planta!
817 1456 1115 1528 pretiosior
1158 1456 1393 1523 cunctiS‚
1439 1456 1688 1513 sanctior
1727 1458 1846 1513 uni-

239 1557 439 1613 versis.
468 1554 515 1613 0
558 1572 686 1613 vere
727 1556 946 1628 lignum
990 1555 1158 1622 vitae,
1201 1554 1346 1626 quod
1392 1555 1570 1612 solum
1612 1554 1721 1612 fuit
1762 1555 1847 1611 di-

237 1671 415 1727 gnum
458 1652 688 1726 portare
731 1653 936 1711 salutis
980 1653 1227 1710 fructum
1251 1654 1306 1708 »2
1352 1652 1455 1709 Sed
1498 1650 1633 1709 heu!
1677 1653 1843 1709 multi

240 1752 487 1811 fructum
530 1752 705 1810 istum
749 1752 1106 1816 salutiferum
1164 1751 1269 1808 sibi
1322 1750 1539 1809 faciunt
1594 1752 1846 1809 mortife-

239 1868 365 1909 rum
409 1850 764 1922 fructumque
813 1851 932 1907 tam
976 1849 1306 1907 mellifluum
1346 1849 1451 1906 sibi
1506 1849 1844 1907 convertunt

238 1950 296 2006 in
341 1931 704 2022 absynthium
761 1948 1075 2027 aeternum,
1133 1947 1279 2005 sicut
1338 1949 1510 2006 Amos
1566 1947 1721 2006 sexto
1753 1949 1842 2022 (5)

237 2048 476 2106 dicitur:
527 2046 904 2107 Convertiscis
944 2049 1008 2104 in
1053 2048 1512 2120 amaritudinem
1560 2046 1844 2104 iudicium

237 2150 293 2204 et
331 2145 561 2216 fruetus
601 2147 862 2204 iustitiae
906 2148 968 2203 in
1010 2146 1409 2219 absynthium.
1453 2178 1533 2187 —
1560 2145 1728 2218 Item,
1758 2163 1843 2203 ca-

239 2246 467 2312 rissimi,
510 2244 732 2301 fructus
782 2244 889 2301 iste
931 2245 1094 2302 valde
1139 2244 1226 2302 est
1268 2244 1559 2302 virtuosus
1600 2259 1712 2301 non
1755 2260 1845 2301 so—

235 2345 355 2401 lum
401 2342 613 2400 virtute
657 2343 959 2410 salvativa,
991 2343 1087 2400 sed
1115 2341 1285 2400 etiam
1316 2344 1531 2400 virtute
1557 2341 1845 2413 multipli-

236 2442 467 2510 cativa,·
507 2442 654 2499 unde
698 2440 869 2498 etiam
910 2442 968 2498 in
1012 2441 1156 2500 bono
1212 2437 1486 2513 exponere
1544 2457 1843 2513 possumus

367 2708 412 2766 1)
448 2707 560 2755 lsai.
602 2708 676 2766 11,
714 2709 759 2755 3.
1501 2710 1551 2767 2)
1587 2709 1723 2755 Vers.
1765 2708 1839 2754 12.

364 2790 412 2848 3)
449 2789 583 2836 Orat.
619 2790 696 2835 52.
737 2788 879 2848 (alias
913 2790 1014 2846 51.)
1050 2790 1158 2848 post
1191 2788 1407 2835 medium.

361 2870 412 2928 4)
449 2870 596 2916 Serm.
632 2871 680 2916 2.
715 2871 772 2917 de
804 2870 1021 2917 Adventu
1056 2870 1186 2916 Dom.
1224 2884 1272 2916 n.
1309 2869 1355 2916 4.

362 2951 412 3009 5)
450 2951 583 2997 VerS.
624 2951 698 2997 13.
