2237 3481
907 285 1239 328 PRAEFATIO.
1822 287 1881 327 XI

271 475 542 541 nistrum
594 476 902 542 Saxoniae
942 484 1036 543 est
1084 477 1322 544 electus
1354 485 1417 544 et
1449 478 1616 545 circa
1649 477 1877 545 festum

269 583 465 649 sancti
518 582 760 649 Martini
813 584 1243 650 confirmatus.
1292 584 1399 651 Hic
1456 586 1515 650 in
1568 603 1717 669 pace
1764 585 1878 652 sibi

269 706 383 773 per
429 695 856 756 antecessores
919 708 1066 757 suos
1127 691 1433 776 acquisita
1496 692 1879 776 provinciam

271 796 330 860 in
381 796 708 881 disciplina
755 803 818 862 et
865 797 1075 882 rigore
1123 804 1184 864 et
1234 817 1455 884 magna
1520 800 1882 867 maturitate

270 909 332 968 et
380 902 778 968 observantia
841 903 1080 970 ordinis
1150 905 1545 990 gubernavit,
1610 912 1673 972 et
1734 924 1877 972 cum

272 1000 646 1093 praefuisset
693 1010 874 1076 annis
921 1010 1052 1076 fere
1100 1012 1441 1092 sexdecim,
1485 1012 1697 1080 labore
1742 1012 1882 1078 fati-

270 1122 456 1200 gatus
489 1123 551 1182 et
589 1116 967 1184 attaediatus
1015 1135 1159 1184 cum
1211 1119 1557 1185 multorum
1610 1121 1877 1186 fratrum

269 1221 488 1288 dolore
534 1228 597 1315 et
642 1241 785 1288 cum
838 1225 1118 1289 maxima
1165 1226 1526 1309 importuna
1590 1227 1883 1293 instantia

269 1328 546 1394 obtinuit
591 1330 932 1396 cessionem
971 1358 1028 1394 ».
1080 1331 1163 1396 Ad
1213 1350 1447 1398 annum
1501 1351 1652 1400 vero
1692 1337 1879 1400 1272.

270 1435 548 1501 recurrit
583 1453 790 1502 sermo
822 1436 898 1502 de
933 1437 1101 1521 ipso:
1149 1464 1178 1495 «
1207 1438 1379 1524 Anno
1413 1440 1655 1507 Domini
1690 1443 1877 1507 1272.

272 1579 357 1587 -—
393 1540 598 1625 inquit
628 1580 713 1590 —
758 1543 817 1607 in
869 1544 1147 1629 capitulo
1197 1546 1708 1633 Magdeburgensi
1747 1567 1881 1615 ree-

273 1648 475 1714 lectus
506 1647 624 1713 fuit
655 1649 851 1715 frater
899 1651 1226 1718 Conradus
1257 1652 1334 1719 de
1368 1653 1725 1740 Brunopoli.
1761 1655 1877 1740 Qui

271 1755 657 1840 provinciam
706 1758 856 1824 satis
905 1759 1194 1845 religiose
1262 1762 1430 1828 rexit
1485 1762 1725 1848 aliquot
1771 1782 1882 1830 an-

273 1862 393 1942 nis,
441 1869 502 1929 et
548 1863 698 1929 dum
748 1865 870 1932 iret
916 1866 990 1932 ad
1041 1868 1388 1952 capitulum
1442 1869 1670 1950 Assisii,
1706 1879 1878 1950 tunc,

269 1968 330 2034 id
382 1975 476 2035 est
522 1988 686 2036 anno
734 1971 977 2038 Domini
1021 1976 1212 2054 1279,
1261 1976 1729 2054 celebrandum,
1765 1977 1878 2043 Bo-

269 2075 494 2142 noniae
543 2077 901 2145 infirmatus
950 2082 1237 2164 passione
1269 2082 1487 2149 calculi
1525 2090 1585 2149 et
1618 2084 1754 2150 aliis
1787 2084 1879 2149 in-

271 2182 678 2251 firmitatibus
725 2186 877 2252 obiit
912 2186 1006 2271 (1)
1041 2215 1099 2253 ».

451 2293 491 2372 §
539 2290 597 2357 3.
652 2292 743 2358 De
811 2295 1112 2360 auctoris·
1176 2295 1485 2381 operibus
1547 2297 1719 2363 aliis.
1795 2335 1876 2345 —

272 2396 558 2481 Expedit,
608 2405 680 2464 ut
736 2400 854 2466 hoc
904 2401 1037 2466 loco
1087 2403 1436 2488 catalogum
1486 2422 1751 2489 operum
1799 2406 1875 2471 fr.

272 2503 535 2568 Conradi
601 2504 923 2572 addamus.
988 2508 1233 2574 Primus
1295 2512 1633 2596 cataloguS‚
1689 2530 1876 2597 quem

269 2609 441 2694 apud
491 2609 935 2696 Rodulpltz‘um
1004 2615 1570 2682 Tossz‘m‘amensem
1639 2618 1878 2685 inveni-

268 2732 434 2794 mus,
453 2714 630 2782 dicit:
670 2718 1044 2787 «Conradus
1068 2720 1146 2787 de
1172 2723 1444 2790 Saxonia
1469 2724 1660 2790 edidit
1685 2742 1878 2809 super

400 2954 445 3012 l)
482 2954 579 3002 Cfr.
615 2955 845 3003 Analecta
878 2957 1215 3019 Franciscana,
1250 2962 1364 3007 tom.
1391 2961 1451 3007 11.
1487 2957 1606 3021 pagg
1623 2962 1700 3008 69.
1726 2964 1775 3008 et
1797 2963 1875 3009 83.
