2237 3481
413 237 528 292 222
919 252 1208 294 SPECULUM
1249 253 1301 292 B.
1343 253 1403 292 Μ.
1451 252 1505 294 v.

569 443 751 511 Sexto,
775 442 1091 510 audiamuS‚
1111 443 1406 508 carissimi,
1430 442 1703 515 quomodo
1725 441 2016 499 benedicta

412 541 490 599 sit
541 542 723 598 Maria
779 557 882 612 pro
932 540 1239 598 sobrietate
1294 541 1493 598 contra
1548 540 1762 613 gulam.
1820 539 2016 598 Gulosi

413 657 653 712 namque
695 638 980 696 maledicti
1023 639 1178 706 suut,
1223 634 1370 697 sicut
1410 638 1572 710 patet
1613 639 1671 695 in
1717 638 1857 710 gula
1901 640 2020 710 pri-

375 754 630 823 ·morum
674 736 972 809 parentum
1007 735 1116 811 (1),
1161 753 1263 808 pro
1305 753 1417 809 qua
1459 735 1517 793 et
1556 737 1664 808 ipsi
1720 736 1779 792 et
1830 736 2015 794 totum

411 853 592 910 genus
632 835 940 893 humanum
979 834 1422 893 maledictionem
1466 835 1848 892 incurrerunt.
1880 832 2018 892 'Con-

416 933 508 991 tra
536 933 683 991 hanc
709 933 878 1006 gulae
919 933 1363 990 maledictionem
1392 933 1575 989 Maria
1617 931 1866 990 obtinuit
1893 932 2018 989 abs·

414 1032 685 1090 tinentiae
741 1033 800 1089 et
853 1033 1034 1089 omnis
1090 1031 1500 1103 temperantiae
1556 1030 2017 1089 benedictionem.

411 1131 615 1188 Merito
657 1131 804 1187 enim
846 1130 1045 1188 contra
1087 1130 1504 1189 maledictiones
1544 1130 1713 1203 gulae
1754 1131 1814 1186 in
1855 1146 2019 1201 para-

413 1230 533 1287 diso
575 1229 855 1286 materiali
903 1228 1339 1286 abundaverunt
1399 1228 1811 1285 benedictiones
1875 1227 2019 1284 tem-

413 1327 705 1400 perantiae
748 1328 807 1384 in
850 1326 1113 1398 paradiso
1157 1325 1462 1398 spirituali,
1519 1325 1678 1383 iuxta
1734 1325 1877 1383 illud
1919 1325 2019 1383 Ec-

413 1426 712 1484 clesiastici
753 1425 1184 1498 quadragesimo
1216 1424 1337 1499 (2):
1383 1422 1601 1482 Gratia
1642 1414 1817 1496 quasi
1831 1441 2019 1496 para-

413 1524 576 1582 disus
617 1524 681 1580 in
724 1522 1230 1581 benedictionibus.
1274 1523 1459 1580 Tanta
1498 1523 1816 1596 gratiarum
1857 1524 2019 1594 copia

412 1625 471 1681 in
514 1623 695 1680 Maria
736 1622 1066 1694 abundavit,
1097 1622 1164 1678 ut
1204 1622 1372 1679 etiam
1403 1623 1529 1694 ipsa
1554 1621 1812 1695 gratiosa
1839 1621 2018 1694 Virgo

413 1722 604 1797 gratia
644 1720 1048 1795 quodammodo
1090 1721 1199 1779 dici
1241 1720 1440 1794 possit.
1484 1720 1637 1779 Haec
1665 1720 1855 1779 autem
1882 1737 2018 1794 yra-

417 1824 532 1893 tia,
597 1820 854 1878 videlicet
914 1820 1331 1893 gratiosissima
1392 1820 1567 1893 Virgo
1628 1820 1844 1887 Maria,
1907 1820 2020 1877 fuit

415 1920 589 1992 quasi
620 1918 946 1990 paradisus
988 1919 1053 1975 in
1103 1918 1626 1987 benedictionibus;
1666 1919 1814 1976 sicut
1868 1919 2016 1974 enim

415 2019 472 2075 in
517 2017 779 2089 paradiso
821 2016 1102 2073 materiali
1144 2016 1283 2089 gula
1326 2016 1477 2073 Evae
1528 2016 1736 2073 meruit
1794 2016 2019 2073 maledi-

415 2117 627 2174 ctiones
670 2131 993 2187 poenarum,
1039 2115 1118 2171 sic
1160 2116 1218 2172 in
1262 2115 1523 2186 paradiso
1563 2114 1852 2186 spirituali
1883 2114 2021 2170 tem-

416 2215 675 2288 perantia
716 2215 929 2271 Mariae
971 2214 1179 2271 meruit
1221 2214 1629 2272 benedictiones
1675 2214 2019 2285 gratiarum.

416 2314 575 2372 Unde
637 2313 995 2385 Augustinus
1025 2312 1114 2387 (3)
1158 2314 1270 2369 ait:
1324 2334 1353 2362 ‹<
1382 2311 1701 2370 Maledictio
1762 2311 1920 2370 Evae
1961 2314 2020 2369 in

416 2412 848 2470 benedictionem
874 2409 1131 2468 mutatur
1159 2410 1372 2467 Mariae
1393 2433 1450 2465 >›.
1479 2409 1635 2467 Sicut
1660 2410 1854 2467 autem
1882 2411 2023 2483 gula

413 2510 567 2568 Evae
620 2527 731 2568 non
795 2510 977 2567 solum
1030 2508 1483 2574 maledictionem
1541 2508 1600 2565 in
1653 2509 1881 2576 anima‚.
1923 2509 2023 2566 sed

544 2762 588 2819 1)
624 2760 740 2808 Gen.
779 2761 826 2818 3,
860 2761 907 2806 6.
942 2760 992 2807 et
1027 2759 1100 2805 16.
1138 2771 1266 2817 seqq.

540 2841 590 2899 2)
628 2841 761 2887 Vers.
802 2841 876 2888 17.

541 2921 588 2978 3)
625 2919 771 2967 Serm.
812 2920 916 2967 194.
953 2921 1153 2980 append.
1192 2920 1333 2981 (alias
1371 2920 1443 2967 18.
1479 2920 1536 2967 de
1567 2918 1755 2979 Sanct.)
1793 2934 1842 2966 n.
1883 2921 1926 2965 l.
