2237 3481
407 196 524 257 246
911 213 1202 257 srscuumr
1241 215 1294 257 B.
1336 214 1398 259 u.
1440 215 1497 259 v.

408 404 574 464 fidem
617 404 808 465 tamen
849 408 1097 467 omnium
1140 407 1230 467 est
1270 407 1553 467 Christus.
1612 407 1809 468 Omnis
1849 410 2005 468 enim

404 505 594 563 anima
632 504 876 579 concipit
915 505 1019 564 Dei
1057 506 1293 565 verbum
1322 507 1370 565 si
1399 506 1592 565 tamen
1632 507 2003 566 immaculata

404 603 464 661 et
488 604 753 662 immunis
779 620 814 662 a
834 602 990 662 vitiis
1011 627 1042 656 ι»
1056 647 1070 660 .
1096 603 1290 678 Igitur
1312 604 1615 664 secundum
1635 604 2004 665 Ambrosium

403 710 781 776 quaecumque
822 717 981 760 mens
1020 701 1173 761 hunc
1210 702 1458 761 fructum
1494 702 1601 762 sibi
1628 703 1874 762 voluerit
1894 703 2005 762 ad-

402 815 542 870 esse,
581 799 748 859 debet
786 817 821 858 a
861 799 1018 859 vitiis
1056 802 1326 860 immunis
1366 818 1507 861 esse.
1546 800 1808 860 Christus
1848 803 2001 860 enim

403 895 625 956 fructus
665 897 754 957 est
794 898 1000 957 mentis
1039 914 1156 958 non
1197 899 1431 959 vitiosae
1472 915 1574 973 per
1601 899 1816 973 septem
1856 899 2002 958 vitia

401 995 689 1069 capitalia,
730 996 826 1054 sed
876 996 1165 1057 virtuosae
1219 997 1419 1058 contra
1474 996 1689 1072 septem
1730 998 1874 1056 vitia
1912 1014 2002 1057 ca-

401 1092 621 1167 pitalia.
662 1094 908 1154 Fructus
961 1111 1095 1169 ergo
1143 1096 1252 1155 iste
1292 1096 1382 1155 est
1418 1095 1641 1155 fructus
1681 1095 2000 1155 humilium

399 1192 599 1251 contra
640 1193 982 1267 superbiam,
1023 1194 1245 1254 fructus
1286 1196 1616 1254 amantium
1674 1194 1874 1255 contra
1912 1196 1998 1253 in·

401 1290 628 1362 vidiam,
669 1290 889 1351 fructus
929 1293 1164 1352 mitium
1203 1293 1403 1353 contra
1442 1294 1606 1365 iram,
1648 1292 1870 1352 fructus
1910 1293 2000 1352 la-

402 1388 740 1448 borcmtiwm
799 1390 998 1450 contra
1057 1391 1324 1463 acediam,
1378 1391 1600 1451 fructus
1660 1390 2001 1451 liberalium

397 1487 596 1546 contra
649 1488 970 1561 avaritiam,
1031 1487 1254 1549 fructus
1315 1490 1733 1550 abstinentium
1791 1491 1997 1550 contra

396 1586 610 1658 gulam,
653 1584 873 1645 fructus
912 1587 1332 1647 continentium
1371 1587 1571 1647 contra
1609 1588 1911 1654 luxuriam,

555 1665 764 1754 Prim0,
804 1685 1099 1758 carissimi,
1127 1686 1433 1757 videamus,
1463 1685 1735 1761 quomodo
1771 1684 1998 1746 fructus

395 1782 505 1842 iste
547 1782 871 1843 benedictus
911 1783 990 1843 sit
1029 1783 1343 1845 humilium
1383 1785 1584 1845 contra
1633 1785 1993 1859 superbiam3

398 1881 465 1940 de
525 1880 629 1940 hoc
691 1883 839 1941 enim
899 1884 1149 1957 accipere
1217 1900 1518 1958 possumus
1578 1884 1725 1958 quod
1783 1882 1997 1943 dicitur

396 1979 600 2053 quarto
633 1979 850 2055 Regum
878 1981 1088 2042 decimo
1129 1998 1276 2043 nono
1299 1981 1422 2058 (1):
1460 1982 1870 2059 quodamque
1906 1999 1994 2040 re-

397 2077 625 2151 liquum
675 2076 859 2150 fuerit
909 2081 979 2140 de
1032 2079 1203 2140 domo
1258 2079 1437 2155 Iuda,
1491 2082 1679 2140 mittet
1734 2079 1996 2140 radicem

395 2175 666 2235 deorsum
726 2180 782 2236 et
838 2171 1015 2249 faciet
1070 2176 1334 2249 fructum
1391 2195 1647 2241 sursum.
1687 2179 1782 2238 De
1821 2177 1994 2237 domo

394 2273 555 2333 Iuda
593 2275 705 2334 fuit
743 2276 910 2335 beata
950 2277 1127 2351 Virgo
1166 2278 1367 2349 Maria,
1403 2278 1471 2338 de
1510 2278 1672 2339 domo
1711 2277 1859 2338 Iuda
1897 2279 1992 2337 est

394 2373 680 2447 quaelibet
719 2373 903 2433 fidelis
941 2377 1164 2447 anima3
1192 2375 1294 2434 illa
1320 2376 1707 2449 corporaliter,
1736 2375 1852 2434 ista
1878 2377 1994 2449 spi-

392 2470 713 2542 ritualiter3
753 2472 855 2534 illa
910 2488 1011 2546 per
1070 2489 1315 2543 carnem,
1354 2473 1471 2533 ista
1531 2490 1633 2547 per
1671 2472 1860 2532 fidem.
1909 2472 1995 2530 Et

390 2569 515 2629 ideo
555 2585 670 2646 non
711 2571 891 2629 solum
931 2571 1133 2641 Maria,
1175 2572 1272 2631 sed
1312 2571 1484 2630 etiam
1524 2571 1764 2646 quilibet
1802 2570 1992 2630 fidelis

391 2668 588 2727 volens
614 2664 806 2738 facere
831 2667 1092 2739 fructum
1117 2686 1356 2730 sursum
1382 2670 1547 2731 debet
1572 2671 1830 2731 radicem
1856 2671 1992 2730 mit-

519 2881 565 2940 1)
600 2881 735 2928 Vers.
771 2879 848 2928 30.

430 3061 459 3094 ι,;
