2237 3481
392 270 535 354 102¹
900 259 1191 330 SPECULUM
1232 289 1281 328 B.
1327 289 1390 329 M.
1433 288 1488 329 v.

389 481 683 537 Dominus
750 480 909 537 Deus
972 479 1172 537 Israel
1233 465 1496 552 ‚eyressu's
1558 482 1643 537 est
1679 496 1785 550 per
1846 495 1997 537 eam.

386 579 580 636 Porta
642 578 856 636 Mariae
918 578 1127 635 clausa
1189 577 1299 635 fuit
1360 594 1488 635 sera
1550 577 1852 649 virginali3
1901 577 1999 634 vir

386 693 507 732 non
560 676 836 733 transivit
871 692 985 748 per
1041 692 1186 748 eam,
1230 676 1495 748 amplexu
1548 675 1833 744 maritali3
1876 675 2000 732 Do·

386 773 583 830 minus
639 774 803 830 Deus
866 789 1129 845 eyressus
1188 775 1272 831 est
1330 773 1437 843 per
1499 789 1644 845 eam,
1666 772 1999 829 nativitate

384 872 682 943 singulari.
746 871 850 928 Sed
913 871 1080 939 certe,
1133 873 1264 943 quia
1326 871 1398 927 ad
1460 870 1996 942 multiplicationem

384 969 490 1026 olei
532 985 670 1026 vasa
713 970 1022 1026 vicinorum
1067 985 1179 1027 non
1232 985 1411 1041 pauca
1458 968 1694 1026 collecta
1740 967 1996 1036 fuerunt,

383 1066 504 1125 ideo
568 1083 785 1139 quoque
847 1084 946 1139 per
1006 1082 1146 1124 vasa
1188 1067 1289 1123 illa
1331 1068 1548 1142 signari
1591 1065 1832 1138 possunt
1895 1067 1996 1138 qui

383 1163 753 1236 plenitudinis
794 1164 1205 1223 misericordiae
1249 1164 1463 1222 Mariae
1493 1164 1799 1237 participes
1829 1163 1989 1220 sunt.

387 1261 492 1331 Qui
533 1262 723 1319 autem
767 1262 884 1319 sint
926 1263 1028 1330 illi,
1074 1262 1274 1320 beatus
1322 1263 1649 1321 Bernardus
1674 1260 1762 1336 (1)
1814 1261 1997 1318 deela-

385 1359 555 1428 ravit,
597 1377 722 1417 cum
767 1360 937 1416 dixit:
992 1361 1232 1417 «Maria
1281 1360 1539 1419 omnibus
1590 1361 1774 1416 sinum
1833 1360 1997 1416 mise-

385 1457 654 1516 ricordiae
683 1457 924 1530 aperuit,
968 1455 1034 1514 ut
1074 1458 1142 1514 de
1184 1457 1532 1530 plenitudine
1561 1458 1680 1513 eius
1708 1457 1997 1528 accipiant

382 1557 660 1613 universi:
707 1555 968 1627 captivus
1018 1555 1477 1628 redemptionem,
1521 1572 1689 1628 aeger
1744 1555 1996 1612 curatio-

383 1671 528 1721 nem,
559 1653 745 1711 tristis
771 1654 1229 1722 consolationem,
1254 1653 1512 1727 peccator
1540 1655 1779 1721 veniam,
1803 1652 1995 1710 iustus

381 1752 648 1825 gratiam,
691 1753 929 1829 angelus
968 1754 1267 1821 laetitiam,
1310 1753 1545 1825 denique
1587 1751 1710 1811 tota
1738 1752 1996 1810 Trinitas

379 1851 639 1922 gloriam,
684 1851 814 1907 Filii
857 1867 1099 1922 persona
1148 1852 1336 1908 carnis
1389 1850 1670 1908 humanae
1727 1850 1996 1908 substan-

385 1948 521 2005 tiam
553 1972 611 2004 ».

545 2046 752 2116 Quinto
805 2047 1237 2116 consideremus,
1279 2048 1574 2115 carissimi,
1619 2046 1765 2119 quod
1821 2047 1997 2119 plena

385 2146 473 2203 est
522 2146 704 2202 Maria
758 2144 1162 2214 secundatione
1210 2146 1403 2216 prolis
1451 2144 1711 2215 divinae;
1753 2145 1820 2202 de
1876 2147 1998 2218 plo-

382 2243 638 2300 nitudine
681 2243 794 2300 ista
855 2243 1172 2315 intelligere
1236 2260 1535 2314 possumus
1599 2243 1739 2300 illud
1800 2243 1994 2302 Isaiae

383 2341 538 2399 sexto
565 2341 681 2415 (2):
726 2340 860 2400 Vidi
888 2342 1214 2398 Dominum
1256 2342 1541 2399 sedentem
1567 2357 1744 2413 super
1770 2341 1997 2400 solium

382 2426 665 2497 excelsum
705 2441 759 2495 et
799 2438 1104 2510 elevatum,
1144 2442 1198 2497 et
1225 2438 1411 2511 plena
1452 2442 1582 2497 erat
1623 2439 1828 2497 domus
1867 2457 1996 2498 ma-

383 2539 583 2596 iestate
624 2537 765 2594 eius,
810 2537 1024 2595 Domus
1065 2537 1197 2607 ista,
1242 2539 1300 2594 in
1344 2539 1502 2596 cuius
1544 2538 1683 2597 solio
1712 2537 1996 2596 Dominus

510 2788 554 2846 1)
591 2788 736 2834 Serm.
772 2787 819 2833 in
857 2788 990 2834 Dom.
1035 2787 1125 2835 inf.
1171 2788 1274 2835 Oct.
1320 2788 1529 2835 Assumt.
1566 2789 1621 2836 B.
1658 2789 1721 2835 M.
1758 2789 1815 2834 V.
1852 2802 1903 2836 n.
1940 2790 1992 2838 2.

504 2869 552 2926 2)
589 2869 725 2915 Vers.
776 2868 818 2914 1.
868 2869 1118 2915 secundum
1168 2868 1509 2928 Septuaginta;
1555 2870 1795 2927 Vulgata:
1842 2874 1892 2915 et
1936 2885 1996 2917 ea

122 2963 508 3107 -Ίὶῐῳιαε
539 2949 630 2996 sub
663 2950 772 3008 ipso
806 2953 974 3006 erant,
1006 2949 1270 3009 replebant
1305 2951 1555 3009 templum.

542 3244 579 3255 ‚-

542 3260 577 3275 ¹⁴.

570 3294 581 3303 a
