2237 3481
411 238 528 295 224
919 254 1212 297 SPECULUM
1254 255 1306 295 B.
1348 256 1411 295 M.
1458 255 1512 297 v.

410 445 557 504 sicut
598 444 885 519 signatum
930 444 1121 517 potest
1161 461 1283 502 6336
1338 443 1537 502 Iudith
1591 445 1803 504 decimo
1859 448 2021 519 quin·

410 546 470 604 to
500 543 609 620 (1),
670 543 765 601 ubi
828 544 1066 601 dicitur:
1132 543 1572 601 Benedixerunt
1631 560 1760 601 eam
1822 562 2021 604 omnes

408 661 535 702 una
574 659 707 701 voce
746 643 994 702 dicentes
1012 663 1031 700 .·
1062 630 1153 700 Ta
1189 641 1391 715 yloria
1417 642 1762 715 Ierusalem,
1806 645 1872 701 tu
1902 643 2022 701 lae-

411 742 545 800 titia
585 741 800 813 Israel,
832 743 896 797 ta
924 740 1370 811 honorificentia
1385 741 1602 813 populi
1626 741 1840 814 nostri,
1870 759 2028 814 quae

407 838 601 909 fecisti
639 839 889 897 viriliter
931 841 984 896 et
1024 836 1424 907 confortatwm
1463 841 1548 897 est
1587 855 1690 897 cor
1725 841 1913 913 taum,
1952 857 2020 898 eo

410 937 570 1010 qaod
607 937 938 996 castitatem
980 937 1270 994 amaveris
1325 939 1382 996 et
1408 940 1554 1009 post
1603 931 1799 996 virum
1852 940 2022 996 tuum

414 1036 605 1094 alium
645 1032 936 1094 nescieris.
979 1035 1121 1094 Ideo
1147 1052 1362 1094 manus
1389 1035 1639 1093 Domini
1663 1033 2023 1104 confortavit

413 1138 482 1207 te,
526 1137 580 1192 et
620 1134 735 1192 eris
778 1133 1075 1192 benedicta
1115 1134 1183 1191 in
1223 1136 1540 1192 aeternum.
1569 1135 1643 1192 In
1683 1134 1791 1192 hac
1826 1136 2020 1193 castae

411 1231 608 1292 Iudith
650 1232 1030 1290 benedictione
1072 1231 1263 1304 potest
1303 1232 1611 1292 benedictio
1647 1232 1863 1291 Mariae
1904 1250 2021 1292 non

415 1333 595 1391 solum
640 1332 875 1405 signari,
918 1331 1014 1389 sed
1043 1331 1213 1389 etiam
1245 1348 1345 1404 per
1370 1332 1554 1391 locum
1595 1349 1633 1390 a
1659 1332 1859 1391 maiori
1888 1350 2023 1407 pro-

414 1431 557 1489 bari.
585 1431 643 1488 Si
671 1431 816 1489 enim
848 1431 927 1488 sic
956 1430 1248 1488 benedicta
1275 1430 1363 1489 est
1391 1430 1562 1489 vidua
1586 1430 1765 1499 casta,
1803 1432 2021 1505 quanto

413 1529 594 1602 magis
639 1528 800 1602 virgo
841 1528 1019 1596 casta,
1061 1529 1121 1586 et
1160 1530 1398 1586 maxime
1461 1528 1597 1586 talis
1650 1530 1833 1602 virgo,
1875 1547 2021 1603 quae

412 1628 469 1685 et
510 1626 689 1684 Deum
732 1643 928 1699 parere
971 1627 1029 1685 et
1069 1626 1220 1685 certe
1262 1629 1342 1685 sic
1382 1644 1581 1699 parere
1613 1627 1836 1696 meruit,
1866 1629 2016 1701 quod

412 1725 804 1800 virginitatem
874 1742 987 1785 non
1051 1725 1275 1784 amisit!
1337 1725 1582 1799 Propter
1652 1727 1802 1801 quod
1880 1727 2020 1786 bene

413 1825 565 1883 Beda
595 1825 685 1899 (2)
727 1825 893 1883 dicit:
948 1847 978 1876 α
1005 1825 1309 1883 Benedicta
1350 1825 1438 1883 est
1496 1824 2021 1898 incomparabiliter

413 1941 557 1997 quae
598 1923 656 1981 et
697 1923 871 1981 divini
913 1924 1185 1997 germinis
1225 1924 1467 1997 gloriam
1524 1924 1775 1996 suscepit
1835 1924 1895 1982 et
1936 1942 2022 1984 co·

412 2040 610 2081 ronam
653 2022 1004 2096 virginitatis
1046 2023 1383 2080 servavit».
1439 2022 1768 2081 Notandum
1825 2023 2020 2082 autem

411 2122 518 2190 est,
561 2122 708 2194 quod
751 2123 811 2180 in
839 2122 1135 2194 Scriptura
1162 2122 1482 2179 invenimus
1510 2121 1860 2180 benedictam
1891 2140 2021 2181 con—

411 2223 701 2295 iaqatam„
768 2221 1114 2279 benedictam
1178 2222 1437 2293 viduam,
1499 2221 1846 2279 benedictam
1911 2224 2022 2281 vir·

407 2321 623 2393 qinem.
667 2319 970 2377 Benedicta
1011 2319 1315 2392 coniugata
1356 2319 1465 2377 fuit
1492 2319 1649 2387 Sara,
1690 2320 1758 2377 de
1799 2337 1917 2393 qua
1944 2321 2022 2378 di-

412 2418 560 2476 citur
602 2418 805 2477 Tobiae
847 2434 994 2477 nono
1025 2417 1149 2493 (3):
1187 2418 1444 2476 Dicatur
1486 2418 1800 2478 benedictio
1841 2436 2022 2493 super

544 2686 588 2745 1)
626 2686 759 2732 Vers.
800 2684 874 2731 10.
911 2698 1008 2742 seq.

536 2767 585 2825 2)
622 2765 796 2813 Homil.
831 2765 882 2812 in
916 2767 1110 2814 solemn.
1148 2765 1395 2825 Deiparae‚
1429 2765 1615 2823 quando
1651 2765 1894 2814 salutavit
1922 2765 2021 2813 Eli-

414 2847 600 2904 sabeth,
636 2848 749 2894 ante
780 2846 997 2894 medium.

120 2943 131 2950 =
204 2935 351 3022 *x
539 2927 587 2985 3)
626 2927 759 2973 Vere.
801 2927 874 2973 10.
