2237 3481
859 306 1061 350 nuc'mo
1101 307 1157 349 v.
1733 291 1810 350 67

196 496 518 556 nedictione
561 480 962 570 multiplicium
1012 498 1338 557 deliciarum
1396 498 1813 571 spiritualium3

196 597 266 654 de
309 595 519 669 quibus
545 595 719 654 etiam
747 596 950 655 beatus
977 596 1307 656 Bernardus
1331 596 1420 672 (1)
1450 598 1563 655 ait:
1613 620 1643 649 α
1670 596 1814 667 Quid

195 696 312 752 nisi
354 694 586 753 delicias
626 694 860 753 dixerim
904 695 1072 753 decus
1115 695 1468 768 virginitatis
1528 713 1654 754 cum
1698 713 1814 753 mu-

194 809 332 851 nere
373 792 760 863 fecunditatis,
788 794 1011 866 insigne
1039 793 1401 864 humilitatiS,
1439 793 1812 852 distillantem

194 890 465 950 caritatis
529 891 742 960 favum,
800 891 1212 949 misericordiae
1269 893 1503 961 viscera,
1568 890 1816 964 plenitu-

197 990 391 1048 dinem
452 989 695 1063 gratiae‚
761 989 1219 1062 praerogativam
1287 991 1501 1062 gloriae
1557 991 1814 1063 singula-

196 1090 280 1146 ris
309 1110 340 1140 ι
366 1089 394 1144 P
434 1120 515 1129 —
556 1087 725 1157 Item,
767 1088 960 1160 gratia
1016 1073 1253 1146 Mariam
1312 1088 1443 1147 fecit
1496 1088 1816 1146 miraculo-

192 1204 325 1245 sam
365 1188 427 1243 in
470 1186 647 1258 prole,
679 1185 1015 1244 miraculoso
1056 1186 1329 1258 conceptu
1358 1186 1417 1244 et
1458 1186 1649 1259 partu,
1679 1187 1811 1244 dum

194 1286 537 1344 miraculose
582 1285 746 1358 virgo
791 1284 1047 1358 concepit
1075 1285 1134 1342 et
1174 1287 1334 1358 virgo
1378 1285 1599 1358 peperit
1628 1285 1686 1342 et
1716 1286 1814 1342 mi·

191 1384 516 1443 raculosius
560 1382 739 1441 Deum
771 1382 1028 1455 concepit
1054 1382 1113 1441 et
1142 1384 1380 1455 peperit.
1410 1383 1570 1440 Unde
1610 1383 1677 1441 de
1705 1383 1812 1440 hac

189 1485 323 1541 eius
363 1481 558 1555 gratia
600 1480 739 1539 bene
780 1480 990 1539 dicitur
1029 1481 1214 1539 Lucae
1265 1483 1447 1554 primo
1483 1481 1600 1555 (2):
1647 1481 1813 1539 Inve-

189 1581 345 1640 nisti
404 1581 672 1654 qratiam
715 1578 881 1650 apud
927 1580 1136 1638 Deum.
1181 1580 1350 1651 Ecce,
1409 1580 1692 1651 concipies
1747 1579 1811 1635 in

188 1683 365 1737 utero
409 1681 464 1735 et
517 1679 724 1751 paries
784 1677 980 1748 filium
1032 1680 1087 1734 et
1141 1676 1372 1735 vocabis
1424 1693 1633 1734 nomen
1689 1677 1813 1734 eius

188 1779 418 1837 Iesum.
462 1777 546 1835 De
587 1776 692 1835 hoc
734 1777 958 1835 nomine
1000 1775 1201 1833 beatus
1250 1776 1577 1833 Bernardus
1608 1775 1696 1849 (3)
1741 1775 1813 1832 ad

188 1877 443 1933 Mariam
469 1875 724 1948 loquenS,
754 1873 928 1931 dixit:
969 1895 999 1925 α
1020 1874 1306 1947 Intellige,
1338 1873 1587 1946 prudens
1631 1874 1808 1945 virgo,

185 1993 257 2033 ex
301 1974 530 2032 nomine
575 1973 840 2045 promissi
883 1971 1003 2040 filii,
1049 1971 1325 2044 quantam
1366 1971 1425 2029 et
1465 1987 1634 2044 quam
1692 1987 1813 2043 spe-

186 2074 397 2133 cialem
439 2073 689 2146 gratiam
732 2072 1017 2128 inveneris
1045 2070 1198 2143 apud
1241 2070 1418 2128 Deum
1449 2093 1506 2126 ».
1536 2102 1617 2110 -
1643 2068 1809 2138 Item,

184 2172 389 2247 gratia
450 2170 693 2228 Mariam
757 2168 889 2226 fecit
946 2167 1306 2242 yloriosam;
1368 2167 1602 2240 propter
1663 2167 1812 2240 quod

184 2273 337 2330 bene
380 2286 559 2342 supra
600 2267 814 2326 dictum
858 2265 977 2324 est:
1010 2265 1238 2324 Mulier
1261 2266 1534 2339 yratiosa
1561 2266 1814 2323 inveniet

180 2369 472 2445 yloriam.
515 2366 563 2426 O
603 2383 735 2425 vere
776 2365 909 2423 felix
949 2366 1236 2422 inventrix
1277 2364 1477 2432 Maria,
1521 2381 1662 2436 quae
1691 2364 1810 2420 tam

184 2484 407 2542 magna
447 2468 508 2524 in
560 2466 788 2534 mundo,
832 2463 952 2520 tam
1016 2480 1225 2536 magna
1275 2464 1339 2519 in
1392 2462 1574 2520 caelo!
1633 2462 1811 2537 Nulla

183 2583 339 2642 pura
381 2564 648 2624 creatura
690 2564 916 2622 tantam
971 2562 1220 2635 gratiam
1272 2561 1330 2617 in
1373 2560 1597 2630 mundo,
1652 2560 1812 2618 nulla

325 2819 372 2877 1)
409 2816 557 2864 Serm.
592 2815 641 2862 4,
677 2813 728 2861 in
762 2813 973 2860 Assumt.
1010 2812 1065 2857 Β.
1104 2811 1169 2856 Μ.
1207 2810 1264 2856 V.
1300 2824 1349 2855 n.
1391 2809 1433 2856 1.

318 2899 372 2959 2)
419 2897 556 2944 Vers.
595 2896 672 2944 30.
709 2907 809 2952 seq.

321 2979 371 3040 3)
407 2977 585 3026 Homil.
621 2976 669 3024 3.
705 2988 846 3035 super
879 2973 1064 3020 Missus
1095 2976 1168 3020 est
1200 2985 1250 3019 n.
1306 2970 1380 3017 10.
