2237 3481
371 255 449 317 24
878 273 1170 319 srscumm
1209 274 1262 318 B.
1303 274 1365 318 u.
1408 274 1465 321 v.

373 467 603 536 christi,
647 467 1008 525 mirabiliter·
1041 468 1323 526 luminosa
1383 468 1473 526 est
1531 468 1589 525 in
1651 468 1966 538 aeternum,

368 566 526 625 iuxta
566 566 709 624 illud
751 566 965 624 Psalmi
995 564 1083 641 (1)
1104 587 1123 624 .·
1166 566 1441 625 Thronus
1496 567 1619 624 eius
1674 568 1825 626 sicut
1877 567 1972 625 sol

369 665 436 723 in
475 666 781 737 conspectu
820 681 964 737 mov,
1006 667 1063 722 et
1100 665 1254 723 sicut
1293 664 1438 722 luna
1485 663 1741 736 perfecta
1779 665 1844 722 in
1874 681 1971 722 ae-

372 765 618 821 ternum.
1044 750 1052 756 ’

529 861 617 919 Sic
658 876 792 934 ergo
842 860 1169 919 beatissima
1210 860 1386 935 Virgo
1429 861 1611 919 Maria
1650 862 1816 934 longe
1857 861 1972 919 fuit

368 976 404 1017 a
444 958 654 1031 triplici
696 958 986 1032 gehennae
1027 975 1149 1027 vae,
1191 960 1360 1018 immo
1400 959 1569 1032 longe
1610 959 1721 1017 fuit
1747 977 1782 1017 a
1811 976 1971 1031 prae-

369 1056 535 1115 dictis
575 1073 775 1116 novem
817 1074 937 1125 vae,
979 1057 1037 1114 et
1077 1056 1198 1115 ideo
1242 1057 1440 1115 merito
1496 1059 1545 1114 ei
1593 1056 1802 1115 dietum
1845 1057 1968 1114 est:

368 1154 508 1214 Ave.
554 1155 674 1214 Nos
716 1171 866 1229 erg0,
911 1156 1206 1224 carissimi,
1249 1172 1440 1214 omnes
1477 1156 1525 1213 ei
1554 1155 1804 1213 dieamus
1845 1172 1969 1229 ave,

369 1271 669 1327 omnesque
711 1270 950 1322 oremuS,
993 1254 1060 1311 ut
1100 1255 1227 1326 ipsa
1255 1254 1488 1326 propter
1517 1271 1680 1312 suum
1710 1254 1973 1312 dulcissi-

371 1369 523 1411 mum
567 1353 773 1411 Filium
815 1369 919 1410 nos
961 1352 1082 1410 oret
1122 1352 1353 1410 liberari
1393 1352 1466 1410 ab
1494 1353 1644 1411 omni
1691 1369 1825 1421 va03
1868 1368 1973 1424 per

369 1452 667 1511 Dominum
698 1451 958 1509 nostrum
987 1450 1176 1509 Iesum
1208 1450 1516 1520 Christum,
1550 1451 1753 1508 Filium
1783 1467 1971 1518 suum,

369 1551 465 1624 qui
505 1567 631 1608 cum
673 1550 846 1608 Patre
886 1548 945 1608 et
985 1548 1203 1623 Spiritu
1239 1549 1434 1608 sancto
1464 1549 1605 1606 vivif.
1646 1548 1704 1606 et
1743 1548 1968 1622 regnat.

369 1705 686 1715 ————

498 1802 542 1862 1)
582 1803 752 1848 Psalm.
789 1801 867 1859 88,
904 1801 981 1847 38.
