2237 3481
835 265 1033 309 Lac'mo
1073 265 1198 308 x111.
1697 248 1809 309 181

209 457 469 516 effectum
511 458 631 515 tam
659 443 938 525 mortalis,
968 475 1137 531 quam
1169 459 1406 516 venialis
1448 459 1660 531 peccati
1702 475 1814 517 non

209 556 505 615 remansit.
534 556 778 628 Propter
805 557 951 629 quod
979 557 1118 615 bene
1147 556 1348 615 beatus
1375 558 1700 616 Bernardus
1724 555 1814 632 (1)

209 655 325 711 ait:
379 676 408 704 ‹<
438 654 558 727 Ego
602 654 758 726 puto,
800 656 947 728 quod
989 656 1264 728 copiosior
1319 654 1627 715 benedictio
1691 672 1819 713 san-

208 752 574 810 ctificationis
598 753 675 810 ,in
719 769 840 810 eam
884 753 1254 826 descenderit,
1296 769 1438 826 quae
1480 770 1592 812 non
1634 754 1815 811 solum

210 851 404 909 ortum
468 851 587 909 eius
649 851 1107 919 sanctificaverit,
1151 868 1346 910 verum
1406 851 1577 909 etiam
1639 852 1815 910 vitam

207 951 392 1023 ipsius
435 949 695 1021 deinceps
735 950 808 1007 ab
870 951 1020 1008 omni
1073 950 1301 1022 peccato
1362 951 1673 1009 custodiret
1720 951 1818 1007 im-

208 1065 439 1106 munem
466 1071 523 1106 ».
554 1047 769 1107 Ablata
811 1064 944 1121 ergo
971 1048 1231 1122 rubigine
1261 1050 1554 1122 originalis
1584 1050 1817 1121 peccati,

209 1163 505 1221 egressum
548 1146 636 1204 est
691 1164 757 1205 ex
811 1147 973 1205 utero
1028 1164 1132 1206 vas
1194 1164 1399 1220 purum
1456 1150 1515 1206 in
1556 1148 1816 1218 Ieremia,

210 1264 315 1305 vas
363 1246 563 1318 purius
606 1246 665 1303 in
704 1245 919 1304 Ioanne
959 1246 1246 1318 Baptista,
1287 1264 1390 1305 vas
1453 1247 1817 1319 purissimum

210 1345 270 1402 in
312 1344 517 1401 Maria.

374 1442 624 1501 Secundo
651 1443 961 1512 considera,
990 1444 1295 1511 carissime,
1327 1444 1474 1517 quod
1501 1444 1819 1502 invenimus

211 1542 457 1600 Mariam
481 1541 1078 1614 prom-edientemper
1101 1544 1364 1616 qratiam
1387 1544 1506 1599 sine
1533 1543 1817 1614 exemplo;

212 1640 362 1698 unde
408 1638 767 1698 Canticorum
811 1641 968 1699 sexto
1001 1639 1123 1716 (2):
1177 1640 1335 1715 Quae
1383 1642 1470 1698 est
1515 1641 1633 1698 ista
1674 1656 1822 1712 quae

202 1736 593 1812 proyreditur
621 1738 797 1811 quasi
825 1756 1049 1797 aurora
1075 1754 1449 1812 consumme,
1467 1737 1730 1811 pulchra
1756 1740 1824 1795 ut

215 1836 384 1908 lwna,
427 1835 611 1901 electa
647 1839 717 1893 ut
756 1836 868 1895 sol.
908 1837 1016 1895 His
1059 1837 1245 1894 tribus
1292 1836 1619 1905 luminibuS,
1677 1836 1821 1894 vide-

213 1934 350 1992 licet
391 1950 647 2004 aurorae,
689 1935 860 1993 lunae
889 1935 948 1993 et
989 1936 1112 2004 soli,
1150 1934 1288 1992 bene
1315 1933 1678 2006 comparatur
1706 1934 1822 1992 Ma-

213 2034 302 2090 ria
347 2033 581 2105 propter
623 2032 738 2090 tria
785 2034 844 2090 in
901 2035 1028 2106 ipsa
1082 2034 1423 2091 lucidissime
1472 2032 1819 2090 excellentia.

213 2129 352 2189 Fuit
391 2132 539 2188 enim
582 2132 641 2188 in
683 2148 851 2190 carne
893 2132 952 2190 et
989 2132 1178 2191 mente
1205 2133 1325 2189 eius
1365 2131 1700 2189 excellenter
1738 2131 1823 2188 lu·

212 2230 339 2288 cida
379 2229 713 2302 viryinitaS,
755 2229 867 2288 fuit
907 2231 963 2287 in
1008 2230 1340 2303 virginitate
1396 2231 1515 2288 eius
1556 2229 1822 2287 excellen-

213 2328 303 2386 ter
345 2327 532 2385 lucida
559 2324 906 2401 fecumditaS,
951 2328 1059 2386 fuit
1099 2330 1157 2386 in
1188 2327 1531 2387 fecunditate
1575 2328 1695 2386 eius
1737 2344 1823 2385 ex-

213 2425 485 2485 cellenter
512 2426 700 2484 lucida
727 2420 1139 2501 εἰηραῑανίἰαε.
1170 2427 1395 2486 Aurora
1424 2426 1822 2500 refrigerativa

213 2526 273 2584 et
314 2524 517 2583 avibus
556 2525 728 2599 grata
769 2524 881 2583 fuit
919 2525 1034 2583 ista
1061 2525 1238 2599 Virgo
1280 2525 1478 2596 beata,
1510 2527 1634 2599 ipsa
1674 2526 1822 2584 enim

213 2623 550 2698 virginitate
591 2641 696 2682 sua
737 2625 926 2682 carnis
967 2625 1224 2683 ardorem
1255 2623 1634 2698 refrigeravit,
1677 2624 1823 2681 teste

348 2855 393 2914 1)
430 2854 586 2914 Epist.
627 2854 733 2902 174.
770 2868 819 2901 n.
855 2855 903 2901 5.

341 2935 392 2996 2)
428 2935 563 2982 Vere.
598 2936 646 2982 9.
