2237 3481
376 233 491 293 124
884 250 1175 294 SPECULUM
1217 250 1268 294 Β.
1311 250 1371 293 Μ.
1417 250 1472 294 v.

1872 355 1985 363 ——-

372 446 647 504 Dominus
687 447 770 504 ita
809 447 995 504 iustus
1024 446 1113 504 est
1140 447 1198 503 in
1229 448 1380 504 omni
1409 447 1501 504 via
1530 446 1804 515 iustitiae,
1835 448 1990 521 quod

371 546 607 619 proptor
648 546 867 603 nullam
901 563 1200 618 personam
1230 546 1478 603 declinat
1506 563 1540 603 a
1569 547 1663 603 via
1692 547 1990 615 iustitiam

368 645 426 702 et
467 645 588 706 ideo
628 645 766 702 bene
809 645 874 702 de
926 645 1038 704 isto
1093 645 1333 703 Domino
1389 644 1595 702 dicitur
1658 644 1990 717 Sapientiae

372 741 681 817 soxt0(1):
729 744 870 802 Non
909 742 1217 800 subtrahet
1261 759 1578 814 personam
1627 744 1989 815 cuiusquam

370 840 681 913 Dominu3‚
726 842 830 912 qui
871 844 955 898 est
996 841 1259 897 omnium
1295 839 1653 913 dominator,
1688 857 1790 898 nec
1831 857 1990 898 vere-

370 940 529 996 bitur
571 939 1036 1012 maynitudinem
1078 939 1448 1013 cuiusquam,
1478 939 1759 1010 quoniam
1785 939 1988 1012 pusil-

371 1039 491 1096 lum
530 1040 585 1096 et
624 1055 905 1112 magnum
944 1038 1069 1109 ipse
1108 1035 1264 1110 fecit,
1308 1040 1363 1095 et
1402 1037 1731 1108 aequaliter
1771 1040 1859 1095 est
1886 1038 1988 1096 illi

369 1153 515 1193 cura
556 1136 624 1193 de
664 1137 951 1194 omnibus.
994 1135 1154 1203 Ecce,
1197 1134 1397 1203 Maria,
1428 1134 1614 1209 qualis
1655 1135 1745 1193 est
1786 1136 1989 1194 Domi-

370 1251 496 1304 nuS‚
541 1252 707 1307 quam
760 1234 1105 1292 iustissimus
1159 1233 1249 1290 ost
1304 1232 1580 1292 Dominus
1641 1233 1860 1291 tecum!
1906 1218 1990 1291 Et'

370 1336 501 1405 quia
545 1333 819 1391 Dominus
862 1332 1210 1390 iustissimus
1266 1332 1575 1390 iustissime
1626 1332 1715 1390 est
1773 1332 1987 1402 tecum,

368 1431 489 1489 ideo
531 1431 589 1488 et
629 1430 693 1488 tu
737 1449 796 1489 es
837 1432 1152 1488 iustissima
1196 1447 1401 1488 secum.
1432 1431 1516 1488 Tu
1544 1432 1689 1488 enim
1721 1448 1782 1488 os
1810 1432 1989 1505 virya

367 1528 584 1588 Aaron
613 1530 701 1604 (2)
765 1532 944 1602 recta,
986 1528 1204 1600 florida
1272 1529 1335 1586 eb
1397 1526 1750 1598 fructifera.-
1798 1532 1987 1604 recta,

370 1629 539 1687 immo
583 1628 915 1697 rectissima,
974 1645 1074 1700 per
1137 1627 1414 1685 iustitiam
1477 1627 1535 1685 ot
1597 1628 1988 1699 aequitatem3

368 1725 605 1800 florida,
650 1744 750 1800 per
792 1725 1216 1800 virginitatem3
1257 1722 1592 1799 fructifera,
1637 1743 1738 1799 por
1794 1725 1989 1785 fecun-

368 1825 626 1883 ditatem.
670 1825 821 1894 Quae
884 1827 1030 1883 onim
1094 1827 1260 1899 virga
1322 1825 1474 1883 esset
1534 1825 1708 1895 recta,
1753 1827 1803 1883 si
1867 1843 1986 1885 non

368 1925 535 1997 virga
576 1924 770 1983 Aaron
806 1924 957 1982 esset
998 1925 1195 1982 recta?
1223 1923 1375 1992 Quae
1403 1925 1595 1982 anima
1623 1925 1776 1982 esset
1804 1925 1986 1995 iusta,

371 2024 419 2080 si
448 2040 559 2082 non
603 2021 784 2080 Maria
814 2021 963 2079 esset
990 2022 1185 2080 iusta?
1213 2022 1334 2080 Hoc
1361 2022 1451 2080 ost
1477 2022 1649 2079 etiam
1677 2023 1826 2095 quod
1858 2023 1990 2081 bea-

369 2122 465 2180 tus
506 2122 832 2180 Bernartius
863 2121 951 2195 (3)
991 2121 1156 2179 dicit:
1199 2144 1227 2172 κ
1256 2120 1415 2194 Quis,
1444 2121 1647 2193 inquit,
1677 2122 1888 2190 iustus
1937 2125 1988 2181 si

368 2238 479 2280 non
504 2219 686 2277 Maria
708 2220 878 2289 iusta,
895 2221 961 2277 do
977 2237 1088 2294 qua
1110 2222 1272 2280 ortus
1291 2220 1381 2279 ost
1397 2220 1503 2279 Sol
1524 2221 1790 2279 iustitiae
1802 2220 1893 2297 (4)
1913 2244 1945 2272 »
1959 2218 1989 2278 ἲ

369 2320 645 2377 Dominus
687 2335 820 2391 ergo
865 2319 1067 2388 tecum,
1110 2336 1142 2378 o
1184 2320 1367 2377 Maria
1409 2320 1745 2377 iustissima.

499 2525 544 2584 1)
584 2526 717 2571 Vers.
753 2524 800 2569 8.
837 2551 898 2559 —
921 2524 1099 2571 Verba:
1129 2525 1216 2583 qm·
1238 2529 1311 2571 est
1334 2525 1552 2571 omnium
1578 2525 1991 2573 dominator-non

369 2605 571 2665 amplius
604 2606 841 2651 habentur
884 2604 934 2652 in
979 2604 1214 2651 codicibus
1248 2605 1440 2660 latinis;
1488 2605 1577 2662 cfr.
1607 2605 1674 2651 Do
1715 2605 1785 2652 La
1828 2607 1987 2666 Haye,

369 2686 495 2735 Bibl.
521 2688 651 2734 Max.
687 2688 737 2733 et
771 2686 955 2733 Cornel.
992 2700 1021 2732 a
1051 2686 1228 2745 Lapide
1260 2685 1311 2732 in
1345 2686 1469 2732 hunc
1501 2686 1672 2733 locum.

493 2768 542 2826 2)
578 2769 718 2816 Num.
759 2768 834 2827 17,
869 2768 915 2815 8.

496 2851 543 2910 3)
580 2850 728 2898 Serm.
765 2848 815 2896 in
849 2847 1014 2896 Nativ.
1052 2850 1107 2895 B.
1146 2849 1210 2895 M.
1246 2848 1303 2896 V.
1339 2862 1389 2896 n.
1425 2848 1473 2897 5.

493 2932 543 2995 4)
581 2933 696 2981 Mal.
732 2931 780 2993 4,
815 2931 863 2980 2.
948 2954 967 2969 ι
