2237 3481
120 2928 361 3039 “¹1

405 264 521 323 108
913 283 1204 325 SPECULUM
1246 284 1298 324 B.
1339 283 1403 324 M.
1446 284 1502 325 v.

403 473 550 531 Non
590 475 674 530 est
714 470 939 541 factum
984 473 1098 530 tale
1152 489 1298 544 opus
1339 474 1404 529 in
1445 474 1735 532 universis
1790 474 2015 547 reynis.

402 570 531 629 Non
562 570 756 642 utique
785 572 841 627 in
873 587 1045 643 regno
1073 571 1417 654 caelestium,
1449 587 1559 628 non
1596 573 1652 627 in
1698 588 1872 644 regno
1901 572 2015 629 ter-

401 667 686 736 restrium,
732 685 842 726 non
886 669 943 725 in
987 685 1160 739 regno
1203 668 1569 751 infernorum,
1613 670 1745 741 quia
1787 669 2012 732 nullum

400 765 515 823 tale
558 783 700 837 opus
742 768 800 822 in
843 767 1069 834 mundo,
1112 766 1331 823 nullum
1378 766 1493 824 tale
1537 783 1678 837 opus
1720 768 1779 823 in
1830 767 2010 825 limbo

400 863 528 921 fuit:
571 863 691 923 Hoc
732 881 866 937 ergo
909 880 1052 935 opus
1095 865 1324 934 plenum
1385 864 1493 921 fuit
1548 864 1822 922 dominica
1883 866 2013 937 glo-

400 963 502 1029 ria,
533 979 674 1034 quae
717 979 887 1033 super
929 979 1147 1020 omnem
1180 963 1497 1020 creaturam
1531 980 1732 1034 puram
1763 964 2015 1021 resultat

398 1060 457 1117 et
498 1060 712 1118 relucet
753 1061 1075 1132 plenissime
1117 1062 1175 1117 in
1218 1061 1419 1118 Maria.
1465 1061 1612 1118 Nam
1659 1062 1888 1133 praeter
1925 1079 2012 1119 as-

399 1158 645 1216 sumtam
688 1176 722 1216 a
764 1158 948 1217 Verbo
991 1159 1256 1216 naturam
1289 1160 1508 1217 nullum
1538 1159 1628 1217 est
1656 1177 1815 1231 opuS‚
1848 1162 2012 1219 nulla

397 1257 487 1315 est
528 1257 807 1325 creatura,
851 1258 907 1313 in
951 1275 1062 1330 qua
1105 1257 1271 1314 tanta
1313 1258 1534 1315 divinae
1575 1258 1790 1329 gloriae
1829 1260 2011 1316 mate-

398 1356 485 1412 ria
525 1354 791 1422 reluceat,
834 1354 980 1412 sicut
1022 1356 1078 1412 in
1125 1355 1324 1413 Maria.
1368 1355 1616 1413 Gloriam
1648 1357 1792 1412 enim
1826 1356 1894 1413 de
1924 1374 2011 1414 re-

398 1452 750 1510 stauratione
790 1452 943 1510 facta
971 1454 1029 1510 in
1058 1453 1229 1520 caelo,
1259 1454 1496 1525 gloriam
1529 1453 1595 1509 de
1625 1453 2009 1525 redemptione

397 1550 549 1608 facta
590 1552 647 1607 in
694 1551 921 1623 mundO,
963 1551 1203 1624 gloriam
1249 1552 1314 1608 de
1356 1551 1689 1609 liberatione
1747 1550 1900 1608 facta
1950 1553 2007 1609 in

397 1648 617 1707 inferno
658 1648 831 1707 habet
878 1649 1154 1706 Dominus
1212 1667 1311 1722 per
1367 1650 1626 1717 Mariam,
1670 1649 1844 1707 habet
1907 1668 2010 1723 per

398 1748 806 1820 plenitudinem
869 1748 1101 1805 Mariae.
1152 1748 1230 1804 Et
1292 1748 1411 1805 ideo
1475 1748 1612 1806 bene
1668 1749 1752 1805 ait
1806 1749 2010 1808 Ansel-

398 1863 524 1904 mus
555 1845 643 1920 (1)
703 1847 811 1903 sic:
878 1846 1038 1903 «Sed
1101 1863 1201 1903 cur
1258 1847 1436 1904 solum
1496 1847 1714 1918 loquar,
1758 1847 2006 1918 domina,

396 1944 678 2003 beneficiis
718 1944 834 2002 tuis
876 1945 1103 2016 plenum
1149 1961 1268 2002 esse
1299 1945 1611 2002 mundum?
1649 1944 1889 2003 Inferna
1919 1963 2011 2018 pe-

396 2043 649 2112 netrant,
691 2044 875 2101 caelos
917 2044 1211 2115 superant.
1254 2043 1362 2100 Per
1414 2043 1823 2115 plenitudinem
1871 2061 2011 2117 gra-

398 2144 511 2199 tiae
553 2142 702 2210 tuae,
746 2159 889 2214 quae
932 2143 988 2199 in
1033 2141 1253 2199 inferno
1295 2142 1461 2199 erant
1503 2159 1561 2199 se
1599 2141 1896 2200 laetantur
1945 2144 2010 2200 li·

397 2240 595 2298 berata
637 2241 694 2297 et
736 2258 876 2313 quae
920 2257 1094 2313 supra
1139 2241 1408 2297 mundum
1460 2240 1597 2297 sunt
1638 2257 1696 2297 se
1751 2241 2010 2313 gaudent

398 2338 722 2396 restaurata
750 2361 807 2394 ».
852 2338 1103 2395 Plenum
1145 2355 1281 2411 erqo
1318 2337 1521 2411 yloria
1562 2338 1809 2395 Domini
1858 2356 2010 2410 opus

397 2441 482 2496 est
536 2438 737 2509 Maria,
788 2438 937 2510 quia,
990 2437 1137 2495 sicut
1195 2438 1402 2494 dicitur
1457 2437 1642 2494 Isaiae
1695 2436 1854 2496 sexto
1893 2438 2007 2512 (2),

385 2536 572 2608 plena
621 2538 706 2593 est
759 2535 949 2592 omnis
1007 2539 1173 2592 terra
1223 2534 1424 2608 yloria
1477 2536 1618 2592 eius.
1661 2534 1858 2592 Plena
1901 2536 2010 2594 uti·

397 2651 503 2706 que
546 2636 630 2692 est
672 2633 861 2690 omnis
905 2636 1082 2705 terra,
1129 2633 1297 2705 plena
1338 2632 1426 2690 est
1468 2632 1592 2691 tota
1626 2632 1827 2702 Maria,
1859 2634 2009 2691 relu-

524 2865 568 2924 1)
606 2865 741 2911 Orat.
776 2865 854 2910 52.
895 2863 1037 2923 (alias
1069 2864 1173 2923 51.)
1209 2865 1323 2910 aute
1354 2863 1475 2909 med.

519 2947 569 3006 2)
605 2946 829 3006 Versu-3.
