2237 3481
112 2951 389 3226 κ

345 3227 573 3379 Ε

402 250 478 313 56
907 267 1198 314 smmum
1239 267 1291 313 B.
1333 267 1395 316 u.
1437 267 1497 316 v.

399 464 614 533 dotata,
654 464 713 522 in
757 464 912 536 prole
953 465 1287 537 consignata
1328 465 1386 522 et
1413 463 1747 523 confirmata
1775 464 1865 523 est
1905 464 2010 523 tua

398 563 720 637 virginitaS,
763 578 795 622 o
837 563 1039 620 Maria.
1081 563 1326 635 Propter
1382 563 1528 636 quod
1571 563 1709 621 bene
1770 563 1855 621 ait
1895 565 2011 621 Au-

395 662 695 735 gustinus:
748 682 777 712 α
805 660 1044 719 Mariam
1087 664 1146 719 et
1188 663 1464 734 virginem
1502 662 1891 734 praedicamus
1920 679 2010 719 ve-

395 760 602 818 raciter
642 760 700 818 et
741 759 997 829 matrem,
1040 760 1200 818 cuius
1233 760 1619 833 virginitatem
1662 759 2010 833 glorificavit

395 876 530 916 vera
568 857 884 916 fecunditas
925 857 983 914 et
1024 859 1183 916 cuius
1226 875 1416 915 veram
1444 858 1848 916 fecunditatem
1889 859 2010 931 glo-

395 956 640 1014 rificavit
679 956 1018 1014 intemerata
1080 957 1383 1029 virginitas
1410 979 1465 1013 ».
1532 956 1744 1014 Beatus
1785 972 2009 1028 quoque

394 1055 721 1113 Bernardus
751 1053 839 1129 (1)
881 1056 994 1111 ait:
1048 1072 1077 1105 «
1105 1054 1296 1127 Longe
1336 1056 1634 1128 gloriosior
1687 1055 1796 1131 fuit
1837 1056 2011 1128 virgi-

393 1153 548 1210 nitas
587 1170 654 1211 ex
695 1151 1039 1211 fecunditate
1068 1154 1127 1211 et
1154 1152 1469 1211 fecunditas
1497 1170 1562 1211 ex
1590 1152 1925 1224 virginitate
1947 1176 2005 1211 ».

393 1252 519 1310 Heu
562 1269 732 1324 quam
774 1253 941 1325 longe
998 1269 1032 1309 a
1074 1252 1266 1325 gratia
1306 1251 1521 1309 Mariae
1576 1252 1712 1308 sunt
1761 1253 2011 1324 quicum-

392 1367 500 1423 que
566 1351 919 1409 continentes
960 1367 1072 1410 non
1136 1351 1301 1408 sunt!
1346 1350 1718 1423 Nequaquam
1791 1350 2010 1408 Mariae

392 1450 554 1506 amici
598 1449 733 1506 sunt
773 1450 867 1522 qui
910 1448 1196 1507 castitatis
1238 1450 1445 1506 inimici
1489 1450 1644 1506 sunt.
1688 1448 1824 1506 Cum
1869 1465 2007 1521 ergo

391 1547 776 1605 dulcissimum
820 1564 1020 1606 nomen
1075 1548 1289 1605 Mariae
1343 1546 1558 1615 tantae,
1604 1547 1669 1604 ut
1711 1563 1888 1618 supra
1930 1547 2011 1604 di-

391 1646 545 1703 ctum
606 1644 712 1713 est,
776 1646 852 1702 sit
910 1645 1152 1718 gratiae,
1196 1646 1315 1703 ideo
1380 1645 1579 1703 merito
1641 1644 1746 1703 hoc
1800 1661 2009 1703 nomen

391 1747 716 1803 invocamus
757 1745 1003 1812 orantes,
1047 1745 1349 1803 secundum
1407 1745 1554 1817 quod
1611 1743 1811 1801 beatus
1867 1745 2011 1801 Ber-

390 1843 604 1901 nardus
635 1843 723 1918 (2)
782 1843 958 1912 docet,
1000 1844 1096 1916 qui
1139 1859 1308 1901 orans
1362 1843 1473 1899 ait:
1541 1865 1569 1893 «
1599 1841 2009 1900 Dulcissimum

390 1959 591 2001 nomen
633 1943 846 2000 Mariae
907 1941 1303 2001 invocantibus
1355 1942 1596 1999 servulis
1652 1958 1751 2014 per
1803 1941 1879 2009 te,
1927 1959 2009 1998 re-

388 2042 525 2113 gina
558 2040 820 2109 clamem,
850 2040 1071 2113 gratiae
1102 2057 1235 2097 suae
1263 2057 1499 2097 munera
1526 2040 1810 2113 largiatur
1838 2039 2009 2097 Iesus

392 2139 671 2206 ChristuS‚
702 2139 881 2196 Filius
909 2139 1121 2206 tuus»,
1164 2140 1260 2211 qui
1302 2156 1427 2196 cum
1470 2139 1643 2196 Patre
1685 2138 1743 2196 et
1784 2139 2010 2210 Spiritu

390 2238 586 2296 sancto
647 2239 790 2295 vivit
844 2239 901 2295 et
964 2238 1169 2310 regnat
1230 2239 1287 2294 in
1344 2238 1567 2296 saecula
1629 2237 2007 2297 saeculorum.

390 2337 588 2395 Amen.

515 2587 560 2645 1)
598 2586 744 2632 Serm.
782 2585 831 2631 in
865 2586 995 2632 Dom.
1031 2583 1159 2631 infra
1193 2585 1295 2631 Oct.
1334 2585 1543 2632 Assumt.
1583 2586 1637 2631 B.
1676 2586 1741 2631 M.
1772 2587 1827 2632 V.
1865 2601 1915 2634 n.
1953 2589 2005 2635 9.

517 2668 566 2726 2)
606 2668 751 2714 Serm.
787 2666 834 2712 4.
871 2665 919 2711 in
953 2665 1164 2711 Assumt.
1203 2666 1256 2710 B.
1296 2665 1359 2711 M.
1396 2666 1452 2711 V.
1490 2680 1538 2712 n.
1576 2665 1623 2712 9.
