2237 3481
384 225 499 282 232
891 243 1182 285 SPECULUM
1224 244 1275 284 B.
1316 244 1379 288 M.
1422 245 1477 286 v.

382 434 615 506 propter
657 434 926 506 regalem,
971 435 1026 492 in
1088 435 1288 507 yloria
1344 435 1577 507 propter
1626 436 1988 508 virginalem,

379 532 647 590 sublimis
689 533 922 604 propter
965 533 1305 591 aeternalem
1352 536 1469 591 sive
1512 533 1868 606 paternalem
1895 551 1990 606 ge-

380 646 449 687 ne
455 630 742 688 rositatem
754 640 775 686 .’

539 729 805 798 Secundo,
869 731 1165 799 carissimi,
1233 731 1665 798 consideremuS,
1709 730 1990 802 quomodo

380 827 602 885 fructus
643 828 790 884 uteri
833 828 1131 901 virginalis
1167 828 1639 887 deliciosissimus
1692 829 1788 885 sit.
1833 828 1992 885 Deli-

379 927 563 984 ciosus
605 926 825 999 quidem
870 928 958 984 est
999 929 1055 984 in
1099 929 1291 999 odore,
1337 927 1647 985 deliciosior
1688 927 1881 984 autem
1923 928 1986 984 in

380 1023 594 1097 decore,
636 1024 1089 1083 deliciosissimus
1147 1042 1277 1084 vero
1331 1027 1390 1082 in
1431 1041 1655 1097 sapore.
1715 1025 1988 1083 Decorem

378 1122 568 1179 autem
610 1124 729 1180 eius
771 1122 896 1191 fide,
940 1124 1163 1182 odorem
1207 1141 1323 1196 spe,
1370 1140 1625 1196 saporem
1671 1125 1791 1181 eius
1848 1124 1992 1181 cari-

380 1219 500 1278 tate
543 1222 900 1293 percipimus.
936 1255 1023 1262 ¹—
1052 1222 1206 1290 Dico,
1248 1223 1542 1290 carissimi,
1586 1222 1734 1294 quod
1763 1220 1991 1279 fructus

383 1319 596 1376 Mariae
637 1319 932 1378 deliciosus
974 1321 1063 1377 est
1101 1323 1271 1378 suavi
1313 1321 1519 1389 odore‚·
1561 1320 1708 1377 unde
1749 1320 1816 1376 de
1860 1321 1990 1391 ipso

380 1416 519 1474 bene
562 1417 751 1490 potest
791 1417 971 1475 dicere
1012 1418 1194 1476 mater
1236 1419 1355 1475 eius
1418 1418 1559 1475 illud
1601 1417 1991 1475 Ecclesiastici

380 1516 648 1588 vigesimo
690 1516 893 1588 quarto
917 1514 1039 1590 (1):
1068 1516 1201 1589 qu
1245 1517 1417 1587 quasi
1459 1517 1595 1574 vitis
1628 1514 1993 1585 fructificavi

377 1615 725 1671 suavitatem
767 1613 983 1671 odoris.
1026 1615 1273 1671 Fructus
1314 1614 1452 1671 vitis
1494 1613 1582 1670 est
1625 1614 1813 1684 proles
1858 1614 1991 1671 Vir-

378 1712 546 1785 ginis.
592 1710 747 1781 Quod
791 1712 979 1770 tamen
1012 1730 1140 1771 vere
1170 1714 1374 1772 mirum
1403 1712 1492 1771 est
1519 1711 1578 1770 et
1621 1713 1760 1771 mire
1788 1730 1989 1771 verum

379 1810 484 1879 est,
527 1810 673 1868 teste
714 1811 878 1870 beato
919 1812 1243 1885 Augustino
1274 1812 1383 1887 (2),
1426 1814 1522 1884 qui
1553 1812 1619 1870 de
1662 1811 1767 1870 hoc
1796 1811 1991 1870 fructu

379 1910 458 1965 sic
485 1908 596 1965 ait:
650 1931 679 1959 ‹<
707 1909 790 1967 De
818 1910 1079 1967 creatura
1109 1910 1343 1969 Creator
1372 1911 1618 1968 omnium
1651 1911 1990 1982 procreatus

379 2003 650 2077 nascitur,
713 2008 780 2066 de
835 2010 1018 2068 rivulo
1080 2026 1182 2073 suo
1225 2010 1351 2068 fons
1413 2026 1657 2083 magnus
1706 2009 1990 2078 educitur,

302 2156 309 2162 .
378 2106 539 2163 radix
579 2108 826 2164 omnium
867 2107 934 2165 de
977 2109 1229 2181 virgulto
1288 2125 1387 2166 suo
1431 2108 1705 2180 nascitur,
1749 2108 1808 2165 et
1852 2108 1992 2167 vitis

294 2208 319 2255 fl
381 2221 515 2262 vera
556 2206 809 2277 palmitis
851 2207 937 2264 sui
966 2206 1186 2264 fructus
1215 2206 1457 2265 efficitur
1484 2230 1541 2262 ».
1571 2206 1820 2264 Fructus
1854 2209 1991 2266 vitis

379 2305 574 2362 vinum
616 2303 877 2371 efficitur,
920 2304 1054 2363 odor
1095 2305 1284 2363 autem
1315 2307 1432 2363 vini
1473 2305 1823 2364 delectabilis
1867 2307 1988 2376 est3

381 2402 460 2459 sic
500 2402 649 2460 certe
691 2402 827 2462 odor
865 2402 1244 2475 exemplorum
1290 2402 1521 2471 Christi,
1553 2404 1688 2461 odor
1729 2405 1994 2463 consola-

380 2501 594 2558 tionum
640 2500 870 2569 Christi,
914 2501 1048 2559 odor
1091 2502 1525 2573 promissionum
1569 2500 1784 2559 Christi
1824 2503 1993 2561 valde

380 2598 725 2657 delectabilis
767 2600 855 2657 est
894 2601 1113 2657 animae
1145 2599 1434 2657 Christum
1465 2599 1712 2669 sitienti3
1759 2601 1818 2658 et
1847 2601 1990 2671 ideo,

645 2745 697 2752 —.

114 2847 181 2892 9,.
224 2875 227 2876 ⁷
268 2871 277 2876 ,
508 2830 553 2889 1)
589 2832 733 2877 Verss
757 2832 835 2878 23.

112 2879 183 2940 ,ἒ
304 2873 451 2972 qut.
501 2913 552 2972 2)
589 2910 733 2958 Serm.
776 2901 879 2959 119‘.
915 2915 1113 2973 append.
1154 2914 1296 2974 (alias
1329 2916 1376 2961 9.
1413 2915 1471 2961 de
1503 2915 1684 2973 Temp.)
1720 2928 1771 2960 n.
1808 2914 1859 2960 2.

504 3053 511 3064 ι

548 3105 551 3112 ι

463 3067 691 3363 Ε

700 3311 705 3318 ι
