2237 3481
848 291 1046 333 Lssc'mo
1088 291 1164 334 Π.
1732 274 1803 332 51
1899 336 1912 345 ,

205 484 318 542 tam
360 483 625 552 immites,
655 481 775 540 tam
809 481 1189 554 impatienteS‚
1220 481 1339 539 tam
1368 482 1623 540 iracundi
1654 482 1808 560 sunt,

207 582 349 640 sicut
389 580 732 640 contectales
756 578 845 655 (1)
889 580 946 638 et
974 581 1142 638 vicini
1173 580 1231 638 et
1260 581 1393 639 socii
1422 597 1611 638 eorum
1642 596 1807 652 saepe

205 679 477 738 sentiunt.

358 775 573 845 Quarto
616 776 758 846 vido,
803 777 1109 845 carissime,
1154 776 1301 853 quod
1344 777 1526 834 Maria
1568 776 1812 835 indefes-

202 876 422 933 sissima
465 875 522 932 et
563 870 1004 933 studiosissima
1045 874 1157 932 fuit
1190 891 1297 946 per
1338 875 1708 933 sedulitatem
1749 877 1808 932 iu

202 975 360 1033 bonis
403 973 686 1046 operibus.
742 973 882 1045 Ipsa
938 989 1181 1045 namque
1222 973 1310 1030 est
1353 974 1537 1031 Maria
1578 974 1700 1043 illa,
1743 974 1810 1032 de

201 1090 310 1147 qua
352 1073 559 1131 dicitur
601 1072 850 1130 Actuum
894 1073 1075 1144 primo
1107 1073 1229 1147 (2):
1276 1073 1363 1130 Hi
1405 1089 1600 1131 omnes
1640 1076 1813 1131 crant

190 1173 624 1244 perseverantes
677 1171 1042 1228 unanimiter
1083 1171 1150 1228 in
1204 1172 1470 1228 oratione
1510 1188 1642 1229 cum
1690 1189 1811 1228 mu·

201 1269 443 1327 lieribus
483 1271 538 1325 et
577 1269 810 1342 Maria,
853 1271 1038 1326 matre
1099 1256 1257 1327 Iesu.
1299 1269 1483 1326 Maria
1536 1269 1811 1327 indefesse

197 1367 609 1442 perseverando
669 1368 728 1424 in
784 1367 1038 1426 oratione
1093 1368 1408 1439 exemplum
1459 1367 1629 1434 dedit,
1675 1385 1815 1441 quo-

195 1468 348 1523 niam
392 1465 618 1538 oportet
657 1481 882 1537 semper
937 1482 1109 1523 orare
1166 1468 1221 1522 et
1272 1483 1390 1522 non
1432 1465 1669 1536 deficere
1700 1467 1811 1541 (3).

195 1564 275 1622 Et
316 1565 363 1622 si
392 1564 575 1621 Maria
616 1563 738 1622 tam
780 1564 970 1622 sedule
999 1563 1186 1622 oravit
1214 1565 1272 1620 in
1318 1563 1505 1633 terriS,
1535 1566 1810 1637 quomodo

194 1679 313 1721 non
357 1662 548 1720 sedule
591 1679 694 1735 pro
756 1662 918 1733 nobis
960 1663 1148 1720 orabit
1201 1663 1259 1719 in
1315 1663 1529 1721 caelis?
1569 1663 1812 1735 Propter

192 1762 301 1821 hoc
349 1778 455 1820 nos
519 1761 656 1819 bene
717 1761 986 1820 hortatur
1047 1762 1409 1834 Augustinus
1441 1762 1529 1836 (4)
1593 1763 1809 1820 dicens:

202 1883 234 1912 α
265 1858 475 1919 Omnes
503 1860 719 1918 Mariae
749 1859 1063 1932 patrocinia
1092 1862 1242 1918 omni
1271 1861 1398 1920 nisu
1428 1861 1812 1932 imploremuS,

190 1959 281 2027 ut,
325 1959 461 2016 dum
504 1974 606 2016 nos
648 1958 891 2031 supplici
933 1959 1197 2031 obsequio
1224 1976 1344 2015 eam
1390 1958 1813 2031 frequentamus

190 2060 252 2116 in
298 2058 490 2126 terriS‚
533 2059 660 2129 ipsa
701 2073 804 2116 nos
848 2074 1010 2129 prece
1054 2057 1248 2114 sedula
1310 2058 1695 2115 commendare
1737 2059 1814 2115 di-

185 2156 410 2230 gnetur
451 2157 510 2213 in
550 2156 721 2214 caelis
749 2179 807 2212 >›.
850 2156 956 2213 Sed
1011 2173 1151 2224 ecce,
1208 2157 1391 2213 Maria
1446 2157 1645 2215 nostra
1698 2174 1811 2215 non

188 2255 384 2314 solum
427 2270 522 2312 ore
563 2256 619 2312 in
665 2255 1034 2323 orationibus
1066 2255 1162 2312 sed
1203 2255 1375 2312 etiam
1409 2256 1570 2313 corde
1599 2257 1656 2313 in
1688 2272 1814 2313 san-

183 2354 302 2412 ctis
346 2352 812 2411 meditationibus
851 2353 1131 2411 indefessa
1173 2352 1282 2411 fuit
1324 2353 1381 2411 et
1422 2353 1635 2411 sedula.
1673 2354 1812 2426 Ipsa

182 2453 346 2510 enim
389 2450 480 2509 est
506 2452 707 2520 Maria,
738 2451 804 2509 de
833 2469 944 2525 qua
972 2451 1180 2510 dicitur
1208 2452 1391 2511 Lucae
1421 2453 1662 2511 secundo
1688 2453 1809 2527 (5):

325 2639 374 2697 1)
410 2639 484 2685 Du
517 2638 691 2697 Gange,
726 2638 1016 2686 Glossarium
1039 2641 1162 2686 etc.:
1195 2640 1508 2697 Contectalis,
1537 2640 1623 2685 sub
1655 2640 1810 2686 eodem

180 2721 325 2767 tecto
361 2718 608 2766 habitans.
643 2745 704 2753 —
738 2718 772 2766 C
805 2721 855 2766 et
886 2719 998 2766 Vat.
1036 2720 1215 2766 habent
1248 2721 1611 2766 commensales.

320 2801 375 2859 2)
412 2800 547 2846 Vers.
587 2798 661 2846 14.
1416 2801 1463 2859 3)
1499 2801 1611 2847 Luc.
1651 2800 1725 2858 18,
1766 2800 1808 2846 1.

316 2880 373 2939 4)
409 2879 559 2926 Serm.
596 2880 705 2928 208.
742 2881 943 2941 append.
982 2880 1125 2941 (alias
1159 2880 1257 2940 35.)
1295 2895 1343 2927 n.
1386 2881 1459 2927 12.

318 2962 375 3021 5)
412 2960 547 3007 Ἴθι-ε.
605 2961 680 3008 19.
