2237 3481
304 3171 411 3292 a„

372 250 448 313 26
482 260 487 265 ’
880 264 1169 312 smmum
1207 265 1260 310 B.
1300 265 1364 311 M.
1405 265 1461 312 v.

1861 367 1971 379 ——n

368 463 717 535 hominibus,
762 461 1103 531 illuminata,
1135 463 1224 520 vel
1266 461 1639 520 illuminatrix
1681 461 1971 535 anyelicis

366 562 688 636 spiritibus,
759 561 986 619 domina
1054 561 1343 619 creaturis
1419 561 1702 619 omnibus.
1765 559 1967 628 Maria,

365 661 634 746 inquam,⁴
657 658 1019 726 daemonibus
1059 659 1149 716 est
1189 676 1444 716 amarum
1486 675 1639 717 mare
1688 659 1971 731 spiritua-

368 759 519 831 liter,
541 758 723 815 Maria
750 757 1070 816 hominibus
1099 757 1187 816 est
1216 758 1384 816 stella
1413 759 1587 815 maris
1616 756 1965 829 officialiter,

365 856 547 914 Maria
575 856 793 930 angelis
823 856 911 914 est
938 856 1312 914 illuminatrix
1351 855 1741 928 aeternaliter,
1784 855 1970 912 Maria

366 955 643 1013 creaturis
685 955 942 1014 omnibus
982 955 1071 1012 est
1111 955 1336 1013 domina
1375 954 1806 1013 universaliter.

484 1089 486 1094 ·
527 1053 1003 1112 Considerandum
1047 1069 1181 1126 ergo
1222 1053 1330 1122 est,
1386 1053 1535 1126 quod
1573 1052 1757 1111 Maria
1799 1050 1972 1110 inter-

366 1152 630 1224 pretatur
672 1168 942 1210 amarum
981 1168 1177 1223 mare,·
1215 1140 1320 1211 hoc
1361 1152 1569 1224 optime
1610 1153 1659 1210 ei
1700 1151 1972 1225 competit

365 1250 563 1310 contra
605 1251 908 1310 diabolum.
964 1251 1068 1309 Sed
1130 1252 1284 1319 nota,
1327 1251 1599 1323 quomodo
1654 1250 1837 1308 Maria
1891 1249 1972 1306 sit

366 1366 543 1418 mare,
592 1349 862 1423 quomodo
929 1350 1005 1408 sit
1059 1366 1276 1420 amara,
1332 1349 1605 1422 quomodo
1660 1348 1829 1406 simul
1891 1348 1972 1406 sit

365 1464 620 1506 amarum
679 1465 850 1506 mare.
906 1448 1090 1507 Maria
1150 1448 1239 1506 est
1299 1464 1464 1506 mare
1521 1447 1713 1521 gratia
1743 1445 1832 1522 (1)
1889 1445 1973 1504 af-

364 1545 604 1615 fluend0,
659 1547 840 1605 Maria
869 1548 957 1605 θεὴ
997 1563 1208 1605 amara
1235 1547 1378 1605 Filio
1405 1546 1811 1619 compatiendo,
1852 1545 1972 1602 Ma·

365 1646 452 1703 ria
512 1645 601 1704 θεὴ
642 1663 914 1704 amarum
973 1662 1136 1703 mare
1194 1645 1484 1716 diabolum⁸
1539 1643 1971 1718 submergendo.

369 1745 553 1803 Maria
593 1746 786 1818 utique
843 1746 931 1803 θεὴ
983 1760 1150 1804 mare
1204 1761 1304 1819 per
1354 1745 1678 1804 affluentem
1721 1743 1971 1816 Spiritus

366 1844 549 1902 sancti
589 1844 971 1917 repletionem,
1028 1845 1211 1902 Maria
1265 1844 1353 1902 est
1403 1860 1617 1902 amara
1679 1860 1779 1915 per
1829 1842 1973 1901 affli-

363 1942 588 2016 gentem
630 1943 759 2000 Filii
788 1944 874 2000 sui
914 1944 1250 2015 passionem,
1292 1942 1475 1999 Maria
1504 1942 1592 2000 est
1616 1958 1782 1999 mare
1810 1957 1971 1998 ama-

362 2058 497 2098 rum
540 2057 639 2112 per
682 2040 1134 2114 submergentem
1177 2040 1381 2100 diaboli
1426 2039 1865 2099 suffocationem.

523 2139 714 2197 Primo
756 2139 1063 2208 considera,
1107 2140 1411 2208 carissime,
1454 2139 1602 2212 quod
1650 2139 1834 2196 Maria
1889 2138 1973 2196 di-

364 2236 513 2295 citur
551 2254 714 2295 mare
754 2237 987 2310 propter
1048 2237 1397 2297 affluentiam
1460 2237 1517 2296 et
1561 2238 1788 2309 copiam
1824 2253 1974 2311 yra-

366 2335 625 2404 tiarum;
652 2334 797 2392 unde
827 2334 1101 2407 scriptum
1125 2334 1213 2392 est
1239 2333 1615 2393 Ecclesiastae
1638 2335 1819 2406 primo
1842 2333 1933 2409 (2)
1955 2355 1968 2391 :

372 2430 584 2490 Omnia
622 2432 873 2503 flumina
910 2432 1137 2491 intrant
1176 2434 1243 2490 in
1280 2448 1466 2491 mare.
1508 2432 1803 2500 Flumina
1833 2431 1975 2489 sunt

364 2530 708 2589 charismata
763 2532 1010 2605 Spiritus
1055 2531 1269 2601 sancti3
1310 2531 1457 2589 unde
1512 2531 1745 2589 Ioannis
1799 2531 1973 2603 septi·

364 2645 455 2687 mo
487 2629 607 2704 (3):
658 2629 772 2704 Qui
811 2629 997 2688 credit
1040 2630 1106 2688 irc
1146 2646 1253 2699 me,
1281 2630 1433 2688 sicut
1460 2627 1604 2687 dicit
1633 2627 1970 2703 Scriptura,

495 2862 538 2921 l)
575 2860 665 2908 BC
699 2862 864 2919 legunt
894 2862 1138 2920 qratiam.
1670 2860 1721 2920 2)
1755 2859 1892 2907 VerS.
1920 2861 1970 2908 7.

492 2943 540 3004 3)
577 2943 711 2991 Vers,
748 2942 826 2990 38.
860 2955 958 3001 seq.
997 2940 1104 3002 (cfr.
1141 2941 1280 2990 Deut.
1319 2941 1394 3002 18,
1423 2941 1497 2988 15.
1532 2943 1583 2989 et
1614 2940 1727 2989 Ioel.
1755 2941 1805 3002 2,
1838 2941 1969 3004 28.).
