2237 3481
836 248 1033 291 Luc'mo
1075 249 1237 292 xvm.
1719 233 1829 292 271

234 438 398 497 utero
437 438 794 497 credentibus
835 438 1054 498 fructus
1103 440 1254 498 vitae
1297 441 1588 513 processit,
1632 440 1689 499 et
1730 458 1837 499 nos

235 553 429 594 omnes
483 536 549 594 de
600 537 971 611 plenitudine
1020 538 1144 597 eius
1199 539 1524 611 accepimus
1573 539 1838 613 qratiam

224 651 343 706 pro
381 637 583 709 qratia
613 634 702 710 (1)
735 659 790 694 ».

394 734 576 803 Nom,
619 735 914 803 carissimi,
946 737 1296 794 necessarius
1324 735 1412 793 est
1453 735 1672 794 fructus
1715 737 1837 793 Ma-

233 833 350 890 riae
391 832 715 890 benedictus
743 833 814 890 ad
839 832 1245 905 perfectionem
1285 834 1437 892 vitae
1464 834 1801 906 spiritualis
1817 854 1836 904 ,·

232 931 381 988 unde
421 930 488 988 de
533 932 652 990 viro
695 930 941 1004 perfecto
969 932 1108 990 bene
1139 934 1194 989 in
1227 933 1454 992 Psalmo
1482 932 1686 990 dicitur
1711 933 1831 1007 (2):

232 1029 320 1086 Et
357 1030 473 1087 erit
513 1031 797 1101 tanquam
861 1030 1104 1103 tionum,
1150 1031 1309 1102 quod
1353 1031 1699 1102 plantatum
1754 1034 1838 1090 est

232 1143 394 1185 secus
449 1129 728 1187 decursus
784 1145 1101 1201 aquarum,
1158 1128 1316 1201 quod
1351 1126 1610 1198 fructum
1663 1146 1836 1187 suum

233 1225 401 1284 dabit
441 1226 504 1282 in
563 1229 813 1298 tempore
852 1243 978 1284 suo.
1020 1227 1107 1284 Et
1146 1225 1358 1296 folium
1406 1229 1530 1286 eius
1570 1244 1691 1285 non
1744 1227 1835 1283 de-

231 1323 389 1395 fluet,
452 1326 506 1380 et
567 1324 784 1397 omnia,
848 1341 1245 1396 quaecumque
1284 1322 1481 1397 faciet,
1521 1341 1837 1397 prospera-

233 1422 471 1479 buntur.
513 1421 656 1491 Quid
713 1423 1029 1496 intelligere
1086 1423 1351 1480 debemus
1408 1440 1506 1495 per
1562 1423 1836 1482 decursus

232 1536 529 1591 aquarum
572 1521 679 1577 nisi
742 1521 1103 1594 irrigationes
1145 1522 1482 1595 gratiarum,
1541 1538 1640 1593 per
1694 1539 1836 1595 quas

232 1617 396 1676 homo
437 1618 538 1675 dat
580 1619 696 1676 sive
730 1618 964 1691 profert
1001 1617 1261 1688 fructum
1302 1636 1493 1692 suum,
1536 1619 1832 1677 Dominum

230 1716 421 1775 Iesum
467 1716 798 1776 Christum?
839 1718 976 1776 Tres
1004 1719 1194 1777 autem
1225 1719 1314 1776 hic
1342 1718 1686 1778 conditiones
1717 1736 1837 1791 per·

230 1816 408 1874 fectae
452 1817 601 1873 vitae
641 1818 1026 1885 insinuantur,
1072 1835 1214 1890 quae
1256 1817 1536 1875 hominem
1580 1818 1683 1876 hoc-
1726 1818 1836 1876 fru-

230 1914 326 1972 ctu
370 1913 722 1973 fructiferum
768 1917 1129 1974 comitantur.
1169 1916 1550 1975 Perfectorum
1596 1933 1836 1989 namque

233 2012 321 2069 est
372 2016 593 2086 tempus
648 2031 810 2070 suum
862 2031 981 2071 non
1037 2015 1344 2088 neyliyere‚
1401 2014 1633 2087 propter
1689 2015 1833 2087 quod

231 2110 371 2168 bene
412 2111 647 2170 dicitur:
690 2112 949 2180 fructum
1010 2131 1184 2172 suum
1239 2113 1404 2171 dabit
1466 2114 1530 2170 in
1587 2115 1835 2183 tempore

229 2225 371 2278 suo;
417 2210 788 2282 perfectorum
833 2229 1049 2286 quoque
1092 2213 1180 2269 est
1222 2214 1286 2269 in
1313 2213 1501 2270 verbis
1538 2211 1834 2269 inutilibus

230 2324 351 2363 non
391 2307 656 2381 defluere,
704 2309 937 2382 propter
980 2311 1125 2384 quod
1170 2311 1307 2368 bone
1348 2310 1608 2367 additur:
1660 2311 1713 2365 et
1752 2308 1835 2380 fo-

233 2404 380 2462 lium
421 2407 545 2464 eius
586 2424 704 2463 non
747 2408 989 2478 defluet,·
1033 2407 1405 2480 perfectorum
1460 2410 1692 2479 insuper
1745 2407 1834 2464 est

231 2519 375 2575 quae
399 2505 646 2576 spiritui
665 2521 954 2577 prospera
983 2507 1118 2563 suut
1146 2524 1261 2563 non
1291 2508 1571 2578 omittere,
1602 2506 1834 2577 propter

230 2601 378 2673 quod
419 2602 556 2659 bene
599 2603 992 2676 subiungitur:
1039 2606 1261 2676 omnia,
1304 2620 1694 2676 quaecumque
1740 2602 1833 2673 fa-

230 2699 355 2771 eiet,
389 2702 927 2772 prosperabuntur.
967 2702 1071 2760 Vel
1112 2702 1263 2760 certe
1305 2704 1353 2759 ei
1395 2704 1488 2773 qui
1530 2702 1680 2759 hunc
1722 2701 1832 2759 fru-

361 2913 405 2971 1)
440 2913 570 2959 Ioan.
614 2913 656 2971 1,
699 2913 771 2959 16.
1267 2914 1316 2972 2)
1355 2913 1527 2959 Psalm.
1570 2914 1612 2971 1,
1650 2913 1694 2959 3.
1731 2926 1828 2970 seq.
