2237 3481
867 284 1066 326 Luc‘mo
1108 285 1201 326 xv.
1719 267 1834 326 219

393 475 628 544 Quarto,
671 475 983 543 audiamus»,
1026 475 1320 543 carissimi,
1363 474 1635 546 quomodo
1677 473 1837 531 bene-

228 574 381 631 dicta
425 573 502 631 sit
543 573 725 630 Maria
778 590 881 645 pro
943 573 1289 631 strenuitate
1329 573 1528 630 contra
1569 572 1836 629 acediam.

231 672 487 730 Acediosi
517 673 664 728 enim
707 671 988 728 maledicti
1018 671 1171 739 sunt,
1202 672 1333 743 quia
1362 686 1533 742 opera
1563 670 1662 726 Dei
1693 669 1840 726 stre-

231 788 340 828 nue
383 770 440 826 et
496 769 740 828 fideliter
802 786 912 828 non
956 769 1169 843 agunt3
1223 769 1370 827 unde
1432 768 1638 827 dicitur
1692 768 1839 827 Iere-

232 870 375 928 miae
418 868 849 942 quadragesimo
907 868 1104 927 octavo
1136 866 1257 942 (1):
1301 867 1677 940 Maledictus,
1735 866 1840 938 qui

232 965 381 1037 facit
421 984 568 1038 opus
596 967 711 1025 Det
751 964 1180 1036 fraudulenter.
1211 966 1422 1025 Contra
1450 966 1698 1038 torporis
1728 982 1840 1022 rna-

231 1065 588 1123 ledictionem
629 1065 812 1123 Maria
855 1064 1103 1123 obtinuit
1146 1066 1351 1138 rigoris
1380 1063 1838 1122 benedictionem.

234 1163 375 1235 Ipsa
416 1180 658 1236 namque
703 1180 800 1235 per
831 1163 989 1220 illam
1018 1162 1180 1220 Iahel
1211 1161 1439 1235 signata
1480 1179 1599 1220 esse
1631 1161 1840 1234 potest,

232 1278 378 1334 quae
420 1262 579 1318 clavo
621 1261 870 1318 Sisaram
919 1260 1221 1329 interfecit,
1281 1261 1512 1333 propter
1561 1260 1707 1333 quod
1749 1259 1840 1317 Iu·

232 1359 418 1416 dicum
449 1359 646 1432 quinto
671 1358 760 1433 (2)
791 1358 1026 1416 dicitur:
1049 1357 1371 1416 Benedicta
1398 1359 1552 1415 inter
1570 1357 1840 1415 mulieres

233 1457 412 1516 Iahel
438 1457 541 1515 etc.
573 1457 735 1514 Iahel
765 1457 1179 1529 interpretatur
1209 1456 1521 1514 ascendens
1545 1456 1656 1531 (3),
1693 1455 1840 1529 quod

232 1555 499 1615 convenit
525 1556 756 1624 Mariae,
780 1573 922 1629 quae
951 1571 1062 1614 non
1093 1555 1241 1612 sicut
1268 1554 1506 1613 acediosi
1537 1553 1840 1622 descondit,

235 1654 333 1712 sed
376 1655 605 1712 strenue
649 1654 715 1711 de
758 1654 971 1712 virtute
1012 1655 1070 1711 in
1114 1653 1404 1721 virtutem,
1448 1652 1514 1710 de
1570 1652 1841 1710 inferiori·

234 1754 342 1812 bus
405 1754 476 1811 ad
521 1755 812 1826 superiora
869 1770 1089 1825 semper
1150 1752 1422 1821 ascendit,
1480 1752 1637 1809 iuxta
1696 1751 1839 1809 illud

234 1853 598 1930 Canticorum
619 1851 790 1911 tertio
814 1851 935 1927 (4):
968 1851 1129 1927 Quae
1158 1853 1243 1909 est
1261 1851 1379 1909 ista
1407 1866 1558 1923 quae
1585 1848 1842 1907 aseendit

230 1966 340 2023 per
382 1950 669 2008 desertum
708 1950 864 2008 sieut
895 1949 1134 2023 viryula
1161 1946 1356 2019 fumi?
1397 1948 1523 2005 Ista
1550 1947 1840 2005 benedicta

235 2050 398 2107 Iahel
441 2050 574 2122 quid
604 2049 781 2107 facit?
822 2049 984 2106 Certe
1012 2049 1173 2106 clavo
1202 2046 1550 2107 tabernaculi
1593 2047 1840 2103 Sisaram

236 2148 546 2218 interfecit3
574 2148 765 2205 Sisara
786 2148 1039 2206 eoeclusio
1056 2148 1268 2220 qaudit
1292 2147 1380 2221 (5)
1404 2145 1837 2217 interpretatur,

235 2246 296 2305 et
324 2245 463 2304 bene
507 2246 699 2320 signat
727 2245 1029 2315 diabolum,
1060 2248 1155 2319 qui
1184 2264 1219 2304 a
1246 2245 1452 2319 gaudio
1492 2243 1718 2302 caelesti
1756 2260 1842 2300 ex-

235 2344 431 2402 clusus
474 2344 644 2401 etiam
687 2344 830 2402 alios
870 2344 1161 2402 excludere
1204 2342 1458 2411 festinat,
1487 2343 1656 2399 immo
1699 2340 1838 2398 heu!

235 2460 341 2502 nos
370 2459 562 2502 omnes
591 2442 907 2501 excluserat
936 2460 1036 2515 per
1066 2443 1306 2500 matrem
1336 2441 1568 2498 humani
1597 2440 1840 2512 generiS‚

235 2542 397 2599 cuius
437 2542 773 2599 exclusionis
815 2541 1132 2599 maledictio
1174 2541 1399 2599 exclusa
1460 2539 1548 2597 est
1604 2555 1702 2611 per
1747 2537 1842 2594 be-

237 2695 344 2703 ——

368 2791 414 2850 1)
449 2791 585 2837 Vers.
625 2790 699 2836 10.
1503 2787 1553 2847 2)
1589 2786 1723 2834 Vers.
1759 2786 1837 2833 24.

365 2872 413 2932 3)
444 2870 663 2942 erigam,
699 2867 873 2916 Homil.
910 2870 957 2915 5.
995 2882 1135 2928 super
1167 2868 1315 2915 Iudic.
1351 2882 1400 2915 n.
1436 2868 1483 2914 5.

276 2973 279 2978 ·
363 2952 414 3011 4)
450 2952 584 2998 VerS.
620 2952 667 2997 6.
849 2952 899 3009 5)
934 2949 1151 3009 Hieron.‚
1186 2950 1242 2996 de
1275 2949 1410 2996 Nom.
1447 2948 1591 2995 Hebr.
1630 2947 1838 3007 (Iudic.).
